ticker,date,EBITDA,EBIT,Total Expenses,Basic EPS,Net Income,Research And Development,Selling General And Administration,Gross Profit,Total Revenue,Ordinary Shares Number,Tangible Book Value,Invested Capital,Net Tangible Assets,Total Capitalization,Retained Earnings,Total Liabilities Net Minority Interest,Total Assets,Net PPE,Capital Expenditure,currency
AAPL,2023-09-30,129188000000.0,117669000000.0,268984000000.0,6.16,96995000000.0,29915000000.0,24932000000.0,169148000000.0,383285000000.0,15550061000.0,62146000000.0,173234000000.0,62146000000.0,157427000000.0,-214000000.0,290437000000.0,352583000000.0,43715000000.0,-10959000000.0,USD
AAPL,2022-09-30,133138000000.0,122034000000.0,274891000000.0,6.15,99803000000.0,26251000000.0,25094000000.0,170782000000.0,394328000000.0,15943425000.0,50672000000.0,170741000000.0,50672000000.0,149631000000.0,-3068000000.0,302083000000.0,352755000000.0,42117000000.0,-10708000000.0,USD
AAPL,2021-09-30,123136000000.0,111852000000.0,256868000000.0,5.67,94680000000.0,21914000000.0,21973000000.0,152836000000.0,365817000000.0,16426786000.0,63090000000.0,187809000000.0,63090000000.0,172196000000.0,5562000000.0,287912000000.0,351002000000.0,39440000000.0,-11085000000.0,USD
AAPL,2020-09-30,81020000000.0,69964000000.0,208227000000.0,3.31,57411000000.0,18752000000.0,19916000000.0,104956000000.0,274515000000.0,16976763000.0,65339000000.0,177775000000.0,65339000000.0,164006000000.0,14966000000.0,258549000000.0,323888000000.0,36766000000.0,-7309000000.0,USD
MSFT,2023-06-30,105140000000.0,91279000000.0,123392000000.0,9.72,72361000000.0,27195000000.0,30334000000.0,146052000000.0,211915000000.0,7432000000.0,128971000000.0,253460000000.0,128971000000.0,248213000000.0,118848000000.0,205753000000.0,411976000000.0,109987000000.0,-28107000000.0,USD
MSFT,2022-06-30,100239000000.0,85779000000.0,114887000000.0,9.7,72738000000.0,24512000000.0,27725000000.0,135620000000.0,198270000000.0,7464000000.0,87720000000.0,216323000000.0,87720000000.0,213574000000.0,84281000000.0,198298000000.0,364840000000.0,87546000000.0,-23886000000.0,USD
MSFT,2021-06-30,85134000000.0,73448000000.0,98172000000.0,8.12,61271000000.0,20716000000.0,25224000000.0,115856000000.0,168088000000.0,7519000000.0,84477000000.0,200134000000.0,84477000000.0,192062000000.0,57055000000.0,191791000000.0,333779000000.0,70803000000.0,-20622000000.0,USD
MSFT,2020-06-30,68423000000.0,55627000000.0,90056000000.0,5.82,44281000000.0,19269000000.0,24709000000.0,96937000000.0,143015000000.0,7571000000.0,67915000000.0,181631000000.0,67915000000.0,177882000000.0,34566000000.0,183007000000.0,301311000000.0,52904000000.0,-15441000000.0,USD
GOOGL,2023-12-31,97971000000.0,86025000000.0,223101000000.0,5.84,73795000000.0,45427000000.0,44342000000.0,174062000000.0,307394000000.0,12460000000.0,254181000000.0,295249000000.0,254181000000.0,295249000000.0,211247000000.0,119013000000.0,402392000000.0,148436000000.0,-32251000000.0,USD
GOOGL,2022-12-31,85160000000.0,71685000000.0,207994000000.0,4.59,59972000000.0,39500000000.0,42291000000.0,156633000000.0,282836000000.0,12849000000.0,227184000000.0,269001000000.0,227184000000.0,269001000000.0,195563000000.0,109120000000.0,365264000000.0,127049000000.0,-31485000000.0,USD
GOOGL,2021-12-31,103521000000.0,91080000000.0,178923000000.0,5.694003,76033000000.0,31562000000.0,36422000000.0,146698000000.0,257637000000.0,13242420000.0,227262000000.0,264479000000.0,227262000000.0,264479000000.0,191484000000.0,107633000000.0,359268000000.0,110558000000.0,-24640000000.0,USD
GOOGL,2020-12-31,61914000000.0,48217000000.0,141303000000.0,2.957501,40269000000.0,27573000000.0,28998000000.0,97795000000.0,182527000000.0,13504440000.0,199924000000.0,235376000000.0,199924000000.0,235376000000.0,163401000000.0,97072000000.0,319616000000.0,96960000000.0,-22281000000.0,USD
AMZN,2023-12-31,89402000000.0,40739000000.0,537933000000.0,2.95,30425000000.0,,56186000000.0,93805000000.0,574785000000.0,10383000000.0,171399000000.0,260189000000.0,171399000000.0,260189000000.0,113618000000.0,325979000000.0,527854000000.0,276690000000.0,-52729000000.0,USD
AMZN,2022-12-31,38352000000.0,-3569000000.0,501735000000.0,-0.27,-2722000000.0,,54129000000.0,67640000000.0,513983000000.0,10242000000.0,119658000000.0,213193000000.0,119658000000.0,213193000000.0,83193000000.0,316632000000.0,462675000000.0,252838000000.0,-63645000000.0,USD
AMZN,2021-12-31,74393000000.0,39960000000.0,444943000000.0,3.298,33364000000.0,,41374000000.0,66315000000.0,469822000000.0,10180000000.0,117767000000.0,186989000000.0,117767000000.0,186989000000.0,85915000000.0,282304000000.0,420549000000.0,216363000000.0,-61053000000.0,USD
AMZN,2020-12-31,51076000000.0,25825000000.0,363165000000.0,2.132,21331000000.0,42740000000.0,28676000000.0,51500000000.0,386064000000.0,10060000000.0,73406000000.0,125220000000.0,73406000000.0,125220000000.0,52551000000.0,227791000000.0,321195000000.0,150667000000.0,-40140000000.0,USD
NVDA,2024-01-31,35583000000.0,34075000000.0,27950000000.0,12.05,29760000000.0,8675000000.0,2654000000.0,44301000000.0,60922000000.0,2464000000.0,37436000000.0,52687000000.0,37436000000.0,51437000000.0,29817000000.0,22750000000.0,65728000000.0,5260000000.0,-1069000000.0,USD
NVDA,2023-01-31,5987000000.0,4443000000.0,21397000000.0,1.76,4368000000.0,7339000000.0,2440000000.0,15356000000.0,26974000000.0,2466136572.0,16053000000.0,33054000000.0,16053000000.0,31804000000.0,10171000000.0,19081000000.0,41182000000.0,4845000000.0,-1833000000.0,USD
NVDA,2022-01-31,11351000000.0,10177000000.0,16873000000.0,3.91,9752000000.0,5268000000.0,2166000000.0,17475000000.0,26914000000.0,2506000000.0,19924000000.0,37558000000.0,19924000000.0,37558000000.0,16235000000.0,17575000000.0,44187000000.0,3607000000.0,-976000000.0,USD
NVDA,2021-01-31,5691000000.0,4593000000.0,12143000000.0,1.755,4332000000.0,3924000000.0,1940000000.0,10396000000.0,16675000000.0,2480000000.0,9963000000.0,23856000000.0,9963000000.0,22857000000.0,18908000000.0,11898000000.0,28791000000.0,2856000000.0,-1128000000.0,USD
META,2023-12-31,59052000000.0,47874000000.0,88151000000.0,15.19,39098000000.0,38483000000.0,23709000000.0,108943000000.0,134902000000.0,2561000000.0,131726000000.0,171553000000.0,131726000000.0,171553000000.0,82070000000.0,76455000000.0,229623000000.0,109881000000.0,-27266000000.0,USD
META,2022-12-31,37690000000.0,29004000000.0,87665000000.0,8.63,23200000000.0,35338000000.0,27078000000.0,91360000000.0,116609000000.0,2614000000.0,104510000000.0,135636000000.0,104510000000.0,135636000000.0,64799000000.0,60014000000.0,185727000000.0,92191000000.0,-31431000000.0,USD
META,2021-12-31,55274000000.0,47307000000.0,71176000000.0,13.99,39370000000.0,24655000000.0,23872000000.0,95280000000.0,117929000000.0,2741000000.0,105048000000.0,124879000000.0,105048000000.0,124879000000.0,69761000000.0,41108000000.0,165987000000.0,69964000000.0,-18690000000.0,USD
META,2020-12-31,39533000000.0,32671000000.0,53294000000.0,10.22,29146000000.0,18447000000.0,18155000000.0,69273000000.0,85965000000.0,2849000000.0,108617000000.0,128290000000.0,108617000000.0,128290000000.0,77345000000.0,31026000000.0,159316000000.0,54981000000.0,-15163000000.0,USD
TSLA,2023-12-31,14796000000.0,10129000000.0,87882000000.0,,14999000000.0,3969000000.0,4800000000.0,17660000000.0,96773000000.0,3185000000.0,62019000000.0,67291000000.0,62019000000.0,65316000000.0,27882000000.0,43009000000.0,106618000000.0,45123000000.0,-8899000000.0,USD
TSLA,2022-12-31,17657000000.0,13910000000.0,67630000000.0,4.02,12583000000.0,3075000000.0,3946000000.0,20853000000.0,81462000000.0,3164000000.0,44111000000.0,46749000000.0,44111000000.0,45733000000.0,12885000000.0,36440000000.0,82338000000.0,36635000000.0,-7172000000.0,USD
TSLA,2021-12-31,9625000000.0,6714000000.0,47327000000.0,1.87,5524000000.0,2593000000.0,4517000000.0,13606000000.0,53823000000.0,3099000000.0,28472000000.0,35531000000.0,28472000000.0,34443000000.0,329000000.0,30548000000.0,62131000000.0,31176000000.0,-8014000000.0,USD
TSLA,2020-12-31,4224000000.0,1902000000.0,29542000000.0,0.246667,721000000.0,1491000000.0,3145000000.0,6630000000.0,31536000000.0,2880000000.0,21705000000.0,32496000000.0,21705000000.0,30738000000.0,-5399000000.0,28469000000.0,52148000000.0,23375000000.0,-3242000000.0,USD
LLY,2023-12-31,8567800000.0,7040500000.0,23336800000.0,5.82,5240400000.0,9313400000.0,6941200000.0,27041900000.0,34124100000.0,949379000.0,-1074400000.0,35997200000.0,-1074400000.0,29092700000.0,10312300000.0,53142600000.0,64006300000.0,12913600000.0,-7392100000.0,USD
LLY,2022-12-31,8660500000.0,7138000000.0,19888100000.0,6.93,6244800000.0,7190800000.0,6067500000.0,21911600000.0,28541400000.0,950182000.0,-629800000.0,26888400000.0,-629800000.0,25387300000.0,10042600000.0,38714400000.0,49489800000.0,10144000000.0,-2985300000.0,USD
LLY,2021-12-31,8042900000.0,6495300000.0,20385400000.0,5.852967,5581700000.0,6930700000.0,6141900000.0,21005600000.0,28318400000.0,953653000.0,-2604700000.0,25863900000.0,-2604700000.0,24325600000.0,8958500000.0,39651200000.0,48806000000.0,8985100000.0,-1978400000.0,USD
LLY,2020-12-31,8913400000.0,7589500000.0,17438400000.0,6.47477,6193700000.0,6085700000.0,5869400000.0,19056500000.0,24539800000.0,956590000.0,-5574900000.0,22236900000.0,-5574900000.0,22228200000.0,7830200000.0,40807900000.0,46633100000.0,8681900000.0,-2029100000.0,USD
TSM,2023-12-31,,,,161.7,,,,,,25930380458.0,2877020500000.0,3761430000000.0,2877020500000.0,3742116100000.0,2594891200000.0,2046626700000.0,4964459100000.0,2735751000000.0,-1089626400000.0,USD
TSM,2022-12-31,1593076500000.0,1155822200000.0,1142612400000.0,191.45,992923400000.0,163262200000.0,63445300000.0,1348354800000.0,2263891300000.0,25930380458.0,2122438100000.0,2882127500000.0,2122438100000.0,2762639500000.0,1887802900000.0,1573619700000.0,3725302200000.0,2007853100000.0,-848236400000.0,USD
TSM,2021-12-31,1090845100000.0,668450200000.0,937434100000.0,114.2,592359200000.0,124734800000.0,44488200000.0,819537300000.0,1587415000000.0,25930380458.0,1809043200000.0,2182043000000.0,1809043200000.0,2090884000000.0,1573840100000.0,924836700000.0,2760600500000.0,1583317600000.0,-516781100000.0,USD
TSM,2020-12-31,918552400000.0,586827800000.0,772471100000.0,98.5,510744000000.0,109486000000.0,35570400000.0,711130100000.0,1339254800000.0,,,,,,,,,,,USD
NVO,2023-12-31,114629000000.0,105216000000.0,129687000000.0,18.67,83683000000.0,32443000000.0,61598000000.0,196496000000.0,232261000000.0,4458287946.0,46155000000.0,127841000000.0,46155000000.0,122537000000.0,104839000000.0,207925000000.0,314486000000.0,90961000000.0,-38896000000.0,USD
NVO,2022-12-31,76802000000.0,69440000000.0,102145000000.0,12.26,55525000000.0,24047000000.0,50684000000.0,148506000000.0,176954000000.0,4499800000.0,32547000000.0,104741000000.0,32547000000.0,104261000000.0,80587000000.0,157771000000.0,241257000000.0,66671000000.0,-14753000000.0,USD
NVO,2021-12-31,65394000000.0,59369000000.0,82156000000.0,10.4,47757000000.0,17772000000.0,41058000000.0,117142000000.0,140800000000.0,4620000000.0,27575000000.0,93262000000.0,27575000000.0,80400000000.0,72004000000.0,123762000000.0,194508000000.0,55362000000.0,-7385000000.0,USD
NVO,2020-12-31,59273000000.0,53520000000.0,72820000000.0,9.025,42138000000.0,15462000000.0,36886000000.0,106014000000.0,126946000000.0,4700000000.0,42668000000.0,70009000000.0,42668000000.0,63325000000.0,63774000000.0,81597000000.0,144922000000.0,50269000000.0,-22081000000.0,USD
NOVO-B.CO,2023-12-31,114629000000.0,105216000000.0,129687000000.0,18.67,83683000000.0,32443000000.0,61598000000.0,196496000000.0,232261000000.0,4458287946.0,46155000000.0,127841000000.0,46155000000.0,122537000000.0,104839000000.0,207925000000.0,314486000000.0,90961000000.0,-38896000000.0,DKK
NOVO-B.CO,2022-12-31,76802000000.0,69440000000.0,102145000000.0,12.26,55525000000.0,24047000000.0,50684000000.0,148506000000.0,176954000000.0,4499800000.0,32547000000.0,104741000000.0,32547000000.0,104261000000.0,80587000000.0,157771000000.0,241257000000.0,66671000000.0,-14753000000.0,DKK
NOVO-B.CO,2021-12-31,65394000000.0,59369000000.0,82156000000.0,10.4,47757000000.0,17772000000.0,41058000000.0,117142000000.0,140800000000.0,4620000000.0,27575000000.0,93262000000.0,27575000000.0,80400000000.0,72004000000.0,123762000000.0,194508000000.0,55362000000.0,-7385000000.0,DKK
NOVO-B.CO,2020-12-31,59273000000.0,53520000000.0,72820000000.0,9.025,42138000000.0,15462000000.0,36886000000.0,106014000000.0,126946000000.0,4700000000.0,42668000000.0,70009000000.0,42668000000.0,63325000000.0,63774000000.0,81597000000.0,144922000000.0,50269000000.0,-22081000000.0,DKK
WMT,2024-01-31,,,,5.76,,,,,,2700000000.0,48519000000.0,115905000000.0,48519000000.0,111342000000.0,83135000000.0,159206000000.0,243197000000.0,119234000000.0,-16857000000.0,USD
WMT,2023-01-31,30089000000.0,19144000000.0,590861000000.0,4.29,11680000000.0,,127140000000.0,147568000000.0,611289000000.0,2761000000.0,54239000000.0,121330000000.0,54239000000.0,118117000000.0,86904000000.0,152969000000.0,244860000000.0,112624000000.0,-13106000000.0,USD
WMT,2022-01-31,31348000000.0,20690000000.0,546812000000.0,4.9,13673000000.0,,117812000000.0,143754000000.0,572754000000.0,2821000000.0,51942000000.0,125458000000.0,51942000000.0,122119000000.0,88763000000.0,164965000000.0,252496000000.0,109848000000.0,-10264000000.0,USD
WMT,2021-01-31,34031000000.0,22879000000.0,536603000000.0,4.77,13510000000.0,,116288000000.0,138836000000.0,559151000000.0,,,,,,,,,,,USD
XOM,2022-12-31,102591000000.0,78551000000.0,335129000000.0,13.26,55740000000.0,,10577000000.0,103067000000.0,398675000000.0,4082000000.0,195049000000.0,232943000000.0,195049000000.0,232309000000.0,432860000000.0,166594000000.0,369067000000.0,204692000000.0,-18407000000.0,USD
XOM,2021-12-31,52788000000.0,32181000000.0,253459000000.0,5.39,23040000000.0,,10360000000.0,64886000000.0,276692000000.0,4239000000.0,168577000000.0,214419000000.0,168577000000.0,210143000000.0,392059000000.0,163240000000.0,338923000000.0,216552000000.0,-12076000000.0,USD
XOM,2020-12-31,18284000000.0,-27725000000.0,209227000000.0,-5.25,-22440000000.0,,11373000000.0,8127000000.0,178574000000.0,4233000000.0,157150000000.0,223110000000.0,157150000000.0,202652000000.0,383943000000.0,168620000000.0,332750000000.0,227553000000.0,-17282000000.0,USD
LVMUY,2023-12-31,29777000000.0,22600000000.0,63372000000.0,,15174000000.0,,36482000000.0,59277000000.0,86153000000.0,499513306.0,11083000000.0,82924000000.0,11083000000.0,72244000000.0,59373000000.0,80993000000.0,143694000000.0,42372000000.0,-7807000000.0,USD
LVMUY,2022-12-31,26722000000.0,20496000000.0,58169000000.0,5.61,14084000000.0,,33178000000.0,54195000000.0,79183000000.0,501076940.0,4614000000.0,74849000000.0,4614000000.0,65490000000.0,14084000000.0,78042000000.0,134646000000.0,36950000000.0,-5082000000.0,USD
LVMUY,2021-12-31,23281000000.0,17451000000.0,47093000000.0,4.78,12036000000.0,,26722000000.0,43860000000.0,64215000000.0,503504729.0,-3643000000.0,67360000000.0,-3643000000.0,59284000000.0,12036000000.0,76402000000.0,125311000000.0,33269000000.0,-3255000000.0,USD
LVMUY,2020-12-31,13780000000.0,7730000000.0,36339000000.0,1.866,4702000000.0,,20433000000.0,28780000000.0,44651000000.0,503895883.0,4044000000.0,62115000000.0,4044000000.0,51477000000.0,4702000000.0,69842000000.0,108671000000.0,30116000000.0,-2465000000.0,USD
MC.PA,2023-12-31,29777000000.0,22600000000.0,63372000000.0,,15174000000.0,,36482000000.0,59277000000.0,86153000000.0,499513306.0,11083000000.0,82924000000.0,11083000000.0,72244000000.0,59373000000.0,80993000000.0,143694000000.0,42372000000.0,-7807000000.0,EUR
MC.PA,2022-12-31,26722000000.0,20496000000.0,58169000000.0,28.05,14084000000.0,,33178000000.0,54195000000.0,79183000000.0,501076940.0,4614000000.0,74849000000.0,4614000000.0,65490000000.0,14084000000.0,78042000000.0,134646000000.0,36950000000.0,-5082000000.0,EUR
MC.PA,2021-12-31,23281000000.0,17451000000.0,47093000000.0,23.9,12036000000.0,,26722000000.0,43860000000.0,64215000000.0,503504729.0,-3643000000.0,67360000000.0,-3643000000.0,59284000000.0,12036000000.0,76402000000.0,125311000000.0,33269000000.0,-3255000000.0,EUR
MC.PA,2020-12-31,13780000000.0,7730000000.0,36339000000.0,9.33,4702000000.0,,20433000000.0,28780000000.0,44651000000.0,503895883.0,4044000000.0,62115000000.0,4044000000.0,51477000000.0,4702000000.0,69842000000.0,108671000000.0,30116000000.0,-2465000000.0,EUR
AVGO,2023-10-31,20554000000.0,16719000000.0,19368000000.0,,14082000000.0,5253000000.0,1592000000.0,24690000000.0,35819000000.0,414000000.0,-23532000000.0,63168000000.0,-23532000000.0,61605000000.0,2682000000.0,48873000000.0,72861000000.0,2154000000.0,-452000000.0,USD
AVGO,2022-10-31,19155000000.0,14171000000.0,18921000000.0,27.371401,11495000000.0,4919000000.0,1382000000.0,22095000000.0,33203000000.0,418000000.0,-28016000000.0,62165000000.0,-28016000000.0,61762000000.0,1604000000.0,50540000000.0,73249000000.0,2223000000.0,-424000000.0,USD
AVGO,2021-10-31,14691000000.0,8650000000.0,18783000000.0,15.66075,6736000000.0,4854000000.0,1347000000.0,16844000000.0,27450000000.0,413000000.0,-29862000000.0,64627000000.0,-29835000000.0,64390000000.0,748000000.0,50581000000.0,75570000000.0,2348000000.0,-443000000.0,USD
AVGO,2020-10-31,11125000000.0,4220000000.0,19676000000.0,6.60345,2960000000.0,4968000000.0,1935000000.0,13516000000.0,23888000000.0,407000000.0,-36355000000.0,64936000000.0,-36328000000.0,64136000000.0,0.0,52032000000.0,75933000000.0,2509000000.0,-463000000.0,USD
JNJ,2023-12-31,23320000000.0,15834000000.0,63150000000.0,14.604014,35153000000.0,15085000000.0,21512000000.0,58606000000.0,85159000000.0,2407078000.0,-1959000000.0,98106000000.0,-1959000000.0,94655000000.0,153843000000.0,98784000000.0,167558000000.0,19898000000.0,-5013000000.0,USD
JNJ,2022-12-31,26605000000.0,19635000000.0,58977000000.0,6.83,17941000000.0,14135000000.0,20246000000.0,55394000000.0,79990000000.0,2613597000.0,2268000000.0,116446000000.0,2268000000.0,103690000000.0,128345000000.0,110574000000.0,187378000000.0,17982000000.0,-4009000000.0,USD
JNJ,2021-12-31,26751000000.0,19361000000.0,57797000000.0,7.93,20878000000.0,14277000000.0,20118000000.0,55338000000.0,78740000000.0,2628965000.0,-7615000000.0,107774000000.0,-7615000000.0,104008000000.0,123060000000.0,107995000000.0,182018000000.0,18962000000.0,-3652000000.0,USD
JNJ,2020-12-31,23929000000.0,16698000000.0,62851000000.0,5.589273,14714000000.0,12340000000.0,22084000000.0,54157000000.0,82584000000.0,2632512000.0,-26517000000.0,98544000000.0,-26517000000.0,95913000000.0,113890000000.0,111616000000.0,174894000000.0,18766000000.0,-3347000000.0,USD
PG,2023-06-30,21823000000.0,19109000000.0,63872000000.0,6.07,14653000000.0,,21112000000.0,39246000000.0,82006000000.0,2362100000.0,-18484000000.0,80565000000.0,-17665000000.0,71155000000.0,118170000000.0,73764000000.0,120829000000.0,21909000000.0,-3062000000.0,USD
PG,2022-06-30,21241000000.0,18434000000.0,62374000000.0,6.0,14742000000.0,,20217000000.0,38030000000.0,80187000000.0,2393800000.0,-17633000000.0,77239000000.0,-16790000000.0,69437000000.0,112429000000.0,70354000000.0,117208000000.0,21195000000.0,-3156000000.0,USD
PG,2021-06-30,20852000000.0,18117000000.0,58132000000.0,5.69,14306000000.0,,21024000000.0,39010000000.0,76118000000.0,2429700000.0,-19058000000.0,77496000000.0,-18188000000.0,69477000000.0,106374000000.0,72653000000.0,119307000000.0,21686000000.0,-2787000000.0,USD
PG,2020-06-30,19312000000.0,16299000000.0,55244000000.0,5.13,13027000000.0,,19994000000.0,35700000000.0,70950000000.0,2479700000.0,-18069000000.0,80344000000.0,-17172000000.0,70058000000.0,100239000000.0,73822000000.0,120700000000.0,20692000000.0,-3073000000.0,USD
005930.KS,2023-12-31,50603077000000.0,11936518000000.0,252368518000000.0,2131.0,14473401000000.0,28339724000000.0,32678162000000.0,78546914000000.0,258935494000000.0,6792669250.0,330372446000000.0,361076963000000.0,330491913000000.0,353771393000000.0,346652238000000.0,92228115000000.0,455905980000000.0,187256262000000.0,-60534167000000.0,KRW
005930.KS,2022-12-31,86311148000000.0,47203489000000.0,258854730000000.0,8057.0,54730018000000.0,24919198000000.0,33560956000000.0,112189590000000.0,302231360000000.0,5969782550.0,324848921000000.0,350999072000000.0,324968388000000.0,345756081000000.0,337946407000000.0,93674903000000.0,448424507000000.0,168045388000000.0,-53126732000000.0,KRW
005930.KS,2021-12-31,88030728000000.0,53783367000000.0,227970943000000.0,5777.0,39243791000000.0,22401726000000.0,29528020000000.0,113193457000000.0,279604799000000.0,5969782550.0,275881986000000.0,310833821000000.0,276001453000000.0,296747429000000.0,293064763000000.0,121721227000000.0,426621158000000.0,149928539000000.0,-49829021000000.0,KRW
005930.KS,2020-12-31,67263746000000.0,36928130000000.0,200813112000000.0,3841.0,26090846000000.0,21111490000000.0,26084793000000.0,92318692000000.0,236806988000000.0,5969782550.0,249082362000000.0,285057748000000.0,249201829000000.0,268618468000000.0,271068211000000.0,102287702000000.0,378235718000000.0,128952892000000.0,-40271813000000.0,KRW
NSRGY,2022-12-31,16076000000.0,12535000000.0,78860000000.0,3.42,9270000000.0,1696000000.0,25236000000.0,43035000000.0,94780000000.0,2668100000.0,-9517000000.0,41982000000.0,-9517000000.0,41982000000.0,74632000000.0,92390000000.0,135182000000.0,30141000000.0,-5361000000.0,USD
NSRGY,2021-12-31,15197000000.0,11757000000.0,72374000000.0,6.06,16905000000.0,1670000000.0,25213000000.0,42002000000.0,87470000000.0,2759592299.0,-95000000.0,53140000000.0,-95000000.0,53140000000.0,81363000000.0,85415000000.0,139142000000.0,28345000000.0,-5341000000.0,USD
NSRGY,2020-12-31,18370000000.0,14905000000.0,70087000000.0,4.3,12232000000.0,1576000000.0,25231000000.0,41710000000.0,84681000000.0,2816455714.0,-2073000000.0,45695000000.0,-2073000000.0,45695000000.0,76812000000.0,77514000000.0,124028000000.0,25840000000.0,-4364000000.0,USD
ORCL,2023-05-31,18739000000.0,12631000000.0,36181000000.0,3.15,8503000000.0,8623000000.0,10412000000.0,36390000000.0,49954000000.0,2713000000.0,-71025000000.0,91554000000.0,-71025000000.0,87493000000.0,-27620000000.0,132828000000.0,134384000000.0,17069000000.0,-8695000000.0,USD
ORCL,2022-05-31,13526000000.0,10404000000.0,26610000000.0,2.49,6717000000.0,7219000000.0,9364000000.0,33563000000.0,42440000000.0,2665000000.0,-51471000000.0,69639000000.0,-51471000000.0,65890000000.0,-31336000000.0,115065000000.0,109297000000.0,9716000000.0,-4511000000.0,USD
ORCL,2021-05-31,18411000000.0,15495000000.0,24697000000.0,4.67,13746000000.0,6527000000.0,8936000000.0,32624000000.0,40479000000.0,2814000000.0,-41127000000.0,89483000000.0,-41127000000.0,81233000000.0,-20120000000.0,125155000000.0,131107000000.0,7049000000.0,-2135000000.0,USD
ORCL,2020-05-31,17026000000.0,14058000000.0,24866000000.0,3.16,10135000000.0,6067000000.0,9275000000.0,31130000000.0,39068000000.0,3067000000.0,-35433000000.0,83671000000.0,-35433000000.0,81300000000.0,-12696000000.0,102721000000.0,115438000000.0,6244000000.0,-1564000000.0,USD
HD,2024-01-31,,,,15.16,,,,,,1016000000.0,-9205000000.0,44755000000.0,-9205000000.0,43524000000.0,76896000000.0,74883000000.0,76445000000.0,32572000000.0,-3119000000.0,USD
HD,2023-01-31,27069000000.0,24094000000.0,133364000000.0,16.74,17105000000.0,,26284000000.0,52778000000.0,157403000000.0,1035000000.0,-12648000000.0,38390000000.0,-12648000000.0,34908000000.0,67580000000.0,73572000000.0,71876000000.0,31167000000.0,-2566000000.0,USD
HD,2022-01-31,25946000000.0,23084000000.0,128117000000.0,15.59,16433000000.0,,25406000000.0,50832000000.0,151157000000.0,1077000000.0,-3827000000.0,40537000000.0,-3827000000.0,39121000000.0,58134000000.0,67282000000.0,70581000000.0,30667000000.0,-2463000000.0,USD
HD,2021-01-31,20844000000.0,18325000000.0,113832000000.0,11.98,12866000000.0,,24447000000.0,44853000000.0,132110000000.0,,,,,,,,,,,USD
CVX,2023-12-31,,,,11.41,,,,,,1915216343.0,154560000000.0,182218000000.0,154560000000.0,180254000000.0,190024000000.0,97467000000.0,257709000000.0,143591000000.0,-11974000000.0,USD
CVX,2022-12-31,66995000000.0,50190000000.0,195767000000.0,18.36,35465000000.0,,4312000000.0,73982000000.0,235717000000.0,1929806057.0,134682000000.0,169987000000.0,134682000000.0,169731000000.0,165546000000.0,99595000000.0,239535000000.0,146961000000.0,-8056000000.0,USD
CVX,2021-12-31,40394000000.0,22351000000.0,139426000000.0,8.15,15625000000.0,,4014000000.0,45432000000.0,155606000000.0,1925186317.0,127286000000.0,175556000000.0,127286000000.0,174008000000.0,160377000000.0,107064000000.0,239790000000.0,156618000000.0,-8922000000.0,USD
CVX,2020-12-31,13788000000.0,-6756000000.0,100568000000.0,-2.96,-5543000000.0,,4213000000.0,22815000000.0,94471000000.0,,,,,,,,,,,USD
MRK,2022-12-31,21315000000.0,17406000000.0,41001000000.0,5.73,14519000000.0,13548000000.0,10042000000.0,41872000000.0,59283000000.0,2537833884.0,4518000000.0,76682000000.0,4518000000.0,74736000000.0,61081000000.0,63102000000.0,109160000000.0,21422000000.0,-4388000000.0,USD
MRK,2021-12-31,17899000000.0,14685000000.0,35505000000.0,5.16,13049000000.0,12245000000.0,9634000000.0,35078000000.0,48704000000.0,2527604499.0,-6013000000.0,71286000000.0,-6013000000.0,68874000000.0,53696000000.0,67437000000.0,105694000000.0,19279000000.0,-4448000000.0,USD
MRK,2020-12-31,10180000000.0,6694000000.0,35970000000.0,2.793031,7067000000.0,13397000000.0,8955000000.0,27900000000.0,41518000000.0,2530225827.0,-7666000000.0,57108000000.0,-7666000000.0,50677000000.0,47362000000.0,66184000000.0,91588000000.0,17000000000.0,-4429000000.0,USD
ADBE,2023-11-30,7784000000.0,6912000000.0,12759000000.0,11.87,5428000000.0,3473000000.0,6764000000.0,17055000000.0,19409000000.0,455000000.0,2625000000.0,20152000000.0,2625000000.0,20152000000.0,33346000000.0,13261000000.0,29779000000.0,2388000000.0,-360000000.0,USD
ADBE,2022-11-30,6976000000.0,6120000000.0,11508000000.0,10.13,4756000000.0,2987000000.0,6187000000.0,15441000000.0,17606000000.0,462000000.0,-185000000.0,18180000000.0,-185000000.0,17680000000.0,28319000000.0,13114000000.0,27165000000.0,2315000000.0,-442000000.0,USD
ADBE,2021-11-30,6606000000.0,5818000000.0,9983000000.0,10.1,4822000000.0,2540000000.0,5406000000.0,13920000000.0,15785000000.0,475000000.0,309000000.0,18920000000.0,309000000.0,18920000000.0,23905000000.0,12444000000.0,27241000000.0,2116000000.0,-348000000.0,USD
ADBE,2020-11-30,5049000000.0,4292000000.0,8631000000.0,10.94,5260000000.0,2188000000.0,4559000000.0,11146000000.0,12868000000.0,479000000.0,1163000000.0,17381000000.0,1163000000.0,17381000000.0,19611000000.0,11020000000.0,24284000000.0,2004000000.0,-419000000.0,USD
ABBV,2023-12-31,17172000000.0,8474000000.0,40783000000.0,2.753773,4863000000.0,7675000000.0,12872000000.0,33903000000.0,54318000000.0,1765940733.0,-77543000000.0,69745000000.0,-77543000000.0,62554000000.0,-1000000000.0,124314000000.0,134711000000.0,4989000000.0,-777000000.0,USD
ABBV,2022-12-31,24174000000.0,15707000000.0,39240000000.0,6.65,11836000000.0,6510000000.0,15260000000.0,40640000000.0,58054000000.0,1769181294.0,-82341000000.0,80525000000.0,-82341000000.0,76389000000.0,4784000000.0,121518000000.0,138805000000.0,4935000000.0,-695000000.0,USD
ABBV,2021-12-31,23933000000.0,15412000000.0,37149000000.0,6.48,11542000000.0,6922000000.0,12349000000.0,38751000000.0,56197000000.0,1768337696.0,-92922000000.0,92092000000.0,-92922000000.0,79597000000.0,3127000000.0,131093000000.0,146529000000.0,5110000000.0,-787000000.0,USD
ABBV,2020-12-31,12323000000.0,5852000000.0,33065000000.0,2.73,4616000000.0,6379000000.0,11299000000.0,30417000000.0,45804000000.0,1765132819.0,-102924000000.0,99132000000.0,-102924000000.0,90630000000.0,1055000000.0,137468000000.0,150565000000.0,5248000000.0,-798000000.0,USD
TM,2023-03-31,5755993000000.0,3716089000000.0,34429272000000.0,1794.7,2451318000000.0,,3587990000000.0,6313016000000.0,37154298000000.0,13565179729.0,27089584000000.0,57262858000000.0,27089584000000.0,45024090000000.0,28343296000000.0,45038967000000.0,74303180000000.0,13125342000000.0,-3705832000000.0,USD
TM,2022-03-31,5844870000000.0,4022990000000.0,28383811000000.0,2052.3,2850110000000.0,,2975977000000.0,5971673000000.0,31379507000000.0,13778301544.0,25054003000000.0,52321398000000.0,25054003000000.0,41189696000000.0,26453126000000.0,40533951000000.0,67688771000000.0,12775052000000.0,-3830244000000.0,USD
TM,2021-03-31,4619065000000.0,2974775000000.0,25016845000000.0,1606.5,2245261000000.0,,2634625000000.0,4832373000000.0,27214593000000.0,13979743300.0,22295913000000.0,48703290000000.0,22295913000000.0,36538351000000.0,24104176000000.0,37978811000000.0,62267140000000.0,11801296000000.0,-3767945000000.0,USD
TM,2020-03-31,4432403000000.0,2837056000000.0,27467316000000.0,1471.22,2036140000000.0,,2981965000000.0,5381196000000.0,29866547000000.0,13830762660.0,19618631000000.0,41650816000000.0,19618631000000.0,31787228000000.0,22234061000000.0,32633351000000.0,53972363000000.0,10871352000000.0,-3746576000000.0,USD
ASML,2023-12-31,9976000000.0,9236200000.0,18516200000.0,19.91,7839000000.0,3980600000.0,1113200000.0,14136100000.0,27558500000.0,393421721.0,8122100000.0,18084000000.0,8122100000.0,18083900000.0,12379500000.0,26505100000.0,39957500000.0,5799800000.0,-2196200000.0,USD
ASML,2022-12-31,7100500000.0,6516900000.0,14672700000.0,14.14,5624200000.0,3253500000.0,945900000.0,10700100000.0,21173400000.0,394589411.0,3412800000.0,13071200000.0,3412800000.0,12325000000.0,9046700000.0,27489600000.0,36300400000.0,4136900000.0,-1319300000.0,USD
ASML,2021-12-31,7231100000.0,6760100000.0,12074600000.0,14.36,5883200000.0,2547000000.0,725600000.0,9809000000.0,18611000000.0,402601613.0,4632900000.0,14724700000.0,4632900000.0,14215600000.0,8317300000.0,20090400000.0,30231000000.0,3147500000.0,-940300000.0,USD
ASML,2020-12-31,4550700000.0,4059900000.0,9927000000.0,8.49,3553700000.0,2200800000.0,544900000.0,6797200000.0,13978500000.0,416514034.0,8187400000.0,18543600000.0,8187400000.0,18528200000.0,10731500000.0,13402000000.0,27267400000.0,2815200000.0,-1000800000.0,USD
COST,2023-08-31,10724000000.0,8647000000.0,234176000000.0,14.18,6292000000.0,,21590000000.0,29704000000.0,242290000000.0,442793000.0,25058000000.0,31516000000.0,25058000000.0,30435000000.0,19521000000.0,43936000000.0,68994000000.0,29397000000.0,-4323000000.0,USD
COST,2022-08-31,9898000000.0,7998000000.0,219161000000.0,13.17,5844000000.0,,19779000000.0,27572000000.0,226954000000.0,442664000.0,20642000000.0,27199000000.0,20642000000.0,27126000000.0,15585000000.0,43519000000.0,64166000000.0,27420000000.0,-3891000000.0,USD
COST,2021-08-31,8632000000.0,6851000000.0,189221000000.0,11.3,5007000000.0,,18537000000.0,25245000000.0,195929000000.0,441825000.0,17564000000.0,25055000000.0,17564000000.0,24256000000.0,11666000000.0,41190000000.0,59268000000.0,26382000000.0,-3588000000.0,USD
COST,2020-08-31,7176000000.0,5531000000.0,161326000000.0,9.05,4002000000.0,,16387000000.0,21822000000.0,166761000000.0,441255000.0,18284000000.0,25893000000.0,18284000000.0,25798000000.0,12879000000.0,36851000000.0,55556000000.0,24595000000.0,-2810000000.0,USD
KO,2023-12-31,15607000000.0,14479000000.0,32738000000.0,2.48,10714000000.0,,7930000000.0,27234000000.0,45754000000.0,4308000000.0,-7282000000.0,68005000000.0,-7282000000.0,61488000000.0,73782000000.0,70223000000.0,97703000000.0,9236000000.0,-1852000000.0,USD
KO,2022-12-31,13828000000.0,12568000000.0,30962000000.0,2.2,9542000000.0,,7442000000.0,25004000000.0,43004000000.0,4328000000.0,-9526000000.0,63254000000.0,-9526000000.0,60482000000.0,71019000000.0,66937000000.0,92763000000.0,9841000000.0,-1484000000.0,USD
KO,2021-12-31,15474000000.0,14022000000.0,27616000000.0,2.26,9771000000.0,,12144000000.0,23298000000.0,38655000000.0,4325128924.0,-11614000000.0,65760000000.0,-11614000000.0,61115000000.0,69094000000.0,69494000000.0,94354000000.0,9920000000.0,-1367000000.0,USD
KO,2020-12-31,12722000000.0,11186000000.0,23289000000.0,1.8,7747000000.0,,9731000000.0,19581000000.0,33014000000.0,4302128924.0,-9251000000.0,62092000000.0,-9251000000.0,59424000000.0,66555000000.0,66012000000.0,87296000000.0,10777000000.0,-1177000000.0,USD
ASML.AS,2023-12-31,9976000000.0,9236200000.0,18516200000.0,19.91,7839000000.0,3980600000.0,1113200000.0,14136100000.0,27558500000.0,393421721.0,8122100000.0,18084000000.0,8122100000.0,18083900000.0,12379500000.0,26505100000.0,39957500000.0,5799800000.0,-2196200000.0,EUR
ASML.AS,2022-12-31,7100500000.0,6516900000.0,14672700000.0,14.14,5624200000.0,3253500000.0,945900000.0,10700100000.0,21173400000.0,394589411.0,3412800000.0,13071200000.0,3412800000.0,12325000000.0,9046700000.0,27489600000.0,36300400000.0,4136900000.0,-1319300000.0,EUR
ASML.AS,2021-12-31,7231100000.0,6760100000.0,12074600000.0,14.36,5883200000.0,2547000000.0,725600000.0,9809000000.0,18611000000.0,402601613.0,4632900000.0,14724700000.0,4632900000.0,14215600000.0,8317300000.0,20090400000.0,30231000000.0,3147500000.0,-940300000.0,EUR
ASML.AS,2020-12-31,4550700000.0,4059900000.0,9927000000.0,8.49,3553700000.0,2200800000.0,544900000.0,6797200000.0,13978500000.0,416514034.0,8187400000.0,18543600000.0,8187400000.0,18528200000.0,10731500000.0,13402000000.0,27267400000.0,2815200000.0,-1000800000.0,EUR
LRLCY,2022-12-31,9223600000.0,7687500000.0,30803800000.0,2.13,5706600000.0,1138600000.0,19087800000.0,27683200000.0,38260600000.0,535186562.0,11820700000.0,31208800000.0,11820700000.0,30196100000.0,5706600000.0,19657700000.0,46844200000.0,4964500000.0,-1343200000.0,USD
LRLCY,2021-12-31,7876000000.0,6095000000.0,26127200000.0,1.648,4597100000.0,1028700000.0,16665200000.0,23854300000.0,32287600000.0,535412360.0,9048500000.0,28215800000.0,9048500000.0,23596400000.0,4597100000.0,19420800000.0,43013400000.0,4773700000.0,-1075200000.0,USD
LRLCY,2020-12-31,6897100000.0,4869000000.0,22783100000.0,1.274,3563400000.0,964400000.0,14286400000.0,20459800000.0,27992100000.0,559871580.0,15122500000.0,29857900000.0,15122500000.0,29001600000.0,3563400000.0,14608100000.0,43606900000.0,4750500000.0,-972400000.0,USD
PEP,2023-12-31,15754000000.0,12236000000.0,78558000000.0,6.604076,9074000000.0,,36677000000.0,49590000000.0,91471000000.0,1374000000.0,-14154000000.0,62608000000.0,-14154000000.0,56098000000.0,70035000000.0,81858000000.0,100495000000.0,29944000000.0,-5518000000.0,USD
PEP,2022-12-31,14924000000.0,11644000000.0,75035000000.0,6.45,8910000000.0,,34459000000.0,45816000000.0,86392000000.0,1377000000.0,-16639000000.0,56220000000.0,-16639000000.0,52806000000.0,67800000000.0,74914000000.0,92187000000.0,26664000000.0,-5207000000.0,USD
PEP,2021-12-31,14899000000.0,11684000000.0,68312000000.0,5.51,7618000000.0,,31237000000.0,42399000000.0,79474000000.0,1383000000.0,-21003000000.0,56377000000.0,-21003000000.0,52069000000.0,65165000000.0,76226000000.0,92377000000.0,24427000000.0,-4625000000.0,USD
PEP,2020-12-31,13223000000.0,10197000000.0,60250000000.0,5.15942,7120000000.0,,28453000000.0,38575000000.0,70372000000.0,1380000000.0,-24618000000.0,57604000000.0,-24618000000.0,53824000000.0,63443000000.0,79366000000.0,92918000000.0,23039000000.0,-4240000000.0,USD
SHEL,2022-12-31,87245000000.0,68716000000.0,318205000000.0,11.52,42309000000.0,1075000000.0,12883000000.0,78779000000.0,381314000000.0,7003503393.0,164772000000.0,246625000000.0,164772000000.0,242005000000.0,169482000000.0,250426000000.0,443024000000.0,198642000000.0,-22600000000.0,USD
SHEL,2021-12-31,60356000000.0,33435000000.0,239221000000.0,5.18,20101000000.0,815000000.0,11328000000.0,35849000000.0,261504000000.0,7684132453.0,147272000000.0,233544000000.0,147272000000.0,229464000000.0,153026000000.0,229054000000.0,404379000000.0,194932000000.0,-19000000000.0,USD
SHEL,2020-12-31,29534000000.0,-22910000000.0,206073000000.0,-5.56,-21680000000.0,907000000.0,9881000000.0,-12995000000.0,180543000000.0,7807423335.0,132600000000.0,234904000000.0,132600000000.0,222148000000.0,142616000000.0,220731000000.0,379268000000.0,209700000000.0,-16585000000.0,USD
OR.PA,2022-12-31,9223600000.0,7687500000.0,30803800000.0,10.65,5706600000.0,1138600000.0,19087800000.0,27683200000.0,38260600000.0,535186562.0,11820700000.0,31208800000.0,11820700000.0,30196100000.0,5706600000.0,19657700000.0,46844200000.0,4964500000.0,-1343200000.0,EUR
OR.PA,2021-12-31,7876000000.0,6095000000.0,26127200000.0,8.24,4597100000.0,1028700000.0,16665200000.0,23854300000.0,32287600000.0,535412360.0,9048500000.0,28215800000.0,9048500000.0,23596400000.0,4597100000.0,19420800000.0,43013400000.0,4773700000.0,-1075200000.0,EUR
OR.PA,2020-12-31,6897100000.0,4869000000.0,22783100000.0,6.37,3563400000.0,964400000.0,14286400000.0,20459800000.0,27992100000.0,559871580.0,15122500000.0,29857900000.0,15122500000.0,29001600000.0,3563400000.0,14608100000.0,43606900000.0,4750500000.0,-972400000.0,EUR
CSCO,2023-07-31,17471000000.0,15745000000.0,41436000000.0,3.08,12613000000.0,7551000000.0,12358000000.0,35753000000.0,56998000000.0,4066000000.0,4000000000.0,52744000000.0,4000000000.0,51011000000.0,1639000000.0,57499000000.0,101852000000.0,2085000000.0,-849000000.0,USD
CSCO,2022-07-31,16794000000.0,14837000000.0,37582000000.0,2.83,11812000000.0,6774000000.0,11186000000.0,32248000000.0,51557000000.0,4110000000.0,-1100000000.0,49288000000.0,-1100000000.0,48189000000.0,-1319000000.0,54229000000.0,94002000000.0,1997000000.0,-477000000.0,USD
CSCO,2021-07-31,15558000000.0,13696000000.0,36099000000.0,2.51,10591000000.0,6549000000.0,11411000000.0,31894000000.0,49818000000.0,4217000000.0,-512000000.0,52801000000.0,-512000000.0,50293000000.0,-654000000.0,56222000000.0,97497000000.0,2338000000.0,-692000000.0,USD
CSCO,2020-07-31,16363000000.0,14555000000.0,35200000000.0,2.65,11214000000.0,6347000000.0,11094000000.0,31683000000.0,49301000000.0,4237000000.0,2538000000.0,52503000000.0,2538000000.0,49498000000.0,-2763000000.0,56933000000.0,94853000000.0,2453000000.0,-770000000.0,USD
FMX,2022-12-31,86125000000.0,55598000000.0,613558000000.0,59.5,23909000000.0,,192057000000.0,251668000000.0,673202000000.0,17891131350.0,71832000000.0,454345000000.0,71832000000.0,436004000000.0,251192000000.0,461014000000.0,798815000000.0,218947000000.0,-32440000000.0,USD
FMX,2021-12-31,83651000000.0,55664000000.0,503948000000.0,71.0,28494000000.0,,161425000000.0,213713000000.0,556261000000.0,17891131350.0,104463000000.0,453186000000.0,104463000000.0,448546000000.0,238306000000.0,402383000000.0,737500000000.0,172601000000.0,-20299000000.0,USD
FMX,2020-12-31,63223000000.0,35174000000.0,452939000000.0,-1.078747,-1930000000.0,,146393000000.0,189653000000.0,492966000000.0,17891131350.0,82242000000.0,426408000000.0,82242000000.0,417607000000.0,217430000000.0,377661000000.0,684848000000.0,168037000000.0,-20142000000.0,USD
BABA,2023-03-31,153112000000.0,106174000000.0,765622000000.0,27.68,72783000000.0,56744000000.0,145679000000.0,318992000000.0,868687000000.0,20526017712.0,665748000000.0,1151011000000.0,665748000000.0,1138745000000.0,599028000000.0,630123000000.0,1753044000000.0,257435000000.0,-34352000000.0,USD
BABA,2022-03-31,128226000000.0,80161000000.0,758283000000.0,22.96,62249000000.0,55465000000.0,151721000000.0,313612000000.0,853062000000.0,21357323112.0,607242000000.0,1089823000000.0,607242000000.0,1080982000000.0,563557000000.0,613360000000.0,1695553000000.0,253451000000.0,-53324000000.0,USD
BABA,2021-03-31,217963000000.0,170054000000.0,627611000000.0,55.620704,150578000000.0,57236000000.0,136743000000.0,296084000000.0,717289000000.0,21699031448.0,564517000000.0,1086623000000.0,564517000000.0,1073186000000.0,554924000000.0,606584000000.0,1690218000000.0,222156000000.0,-43185000000.0,USD
BABA,2020-03-31,214252000000.0,171825000000.0,417705000000.0,56.8,149433000000.0,43080000000.0,78870000000.0,227344000000.0,509711000000.0,21491994944.0,405652000000.0,880831000000.0,405652000000.0,875677000000.0,406287000000.0,433334000000.0,1312985000000.0,138047000000.0,-45386000000.0,USD
ROG.SW,2023-12-31,18540000000.0,15076000000.0,45046000000.0,,11498000000.0,14200000000.0,14881000000.0,44084000000.0,60441000000.0,797241945.0,5097000000.0,58524000000.0,5097000000.0,54124000000.0,42347000000.0,57205000000.0,90468000000.0,22939000000.0,-4649000000.0,CHF
ROG.SW,2022-12-31,20861000000.0,17017000000.0,48338000000.0,15.52,12421000000.0,15225000000.0,14201000000.0,46077000000.0,65814000000.0,799180671.0,7487000000.0,53343000000.0,7487000000.0,49383000000.0,38937000000.0,56136000000.0,88151000000.0,24208000000.0,-4552000000.0,CHF
ROG.SW,2021-12-31,22260000000.0,17817000000.0,44646000000.0,16.38,13930000000.0,14799000000.0,13249000000.0,43154000000.0,62801000000.0,800403291.0,1563000000.0,55687000000.0,1563000000.0,40565000000.0,34161000000.0,63972000000.0,92317000000.0,24412000000.0,-4549000000.0,CHF
ROG.SW,2020-12-31,23076000000.0,18518000000.0,39780000000.0,16.73,14295000000.0,13009000000.0,12614000000.0,42146000000.0,58323000000.0,853125950.0,15075000000.0,50557000000.0,15075000000.0,46561000000.0,45571000000.0,46365000000.0,86138000000.0,23270000000.0,-6690000000.0,CHF
RHHBY,2023-12-31,18540000000.0,15076000000.0,45046000000.0,,11498000000.0,14200000000.0,14881000000.0,44084000000.0,60441000000.0,797241945.0,5097000000.0,58524000000.0,5097000000.0,54124000000.0,42347000000.0,57205000000.0,90468000000.0,22939000000.0,-4649000000.0,USD
RHHBY,2022-12-31,20861000000.0,17017000000.0,48338000000.0,1.94,12421000000.0,15225000000.0,14201000000.0,46077000000.0,65814000000.0,799180671.0,7487000000.0,53343000000.0,7487000000.0,49383000000.0,38937000000.0,56136000000.0,88151000000.0,24208000000.0,-4552000000.0,USD
RHHBY,2021-12-31,22260000000.0,17817000000.0,44646000000.0,2.0475,13930000000.0,14799000000.0,13249000000.0,43154000000.0,62801000000.0,800403291.0,1563000000.0,55687000000.0,1563000000.0,40565000000.0,34161000000.0,63972000000.0,92317000000.0,24412000000.0,-4549000000.0,USD
RHHBY,2020-12-31,23076000000.0,18518000000.0,39780000000.0,2.09125,14295000000.0,13009000000.0,12614000000.0,42146000000.0,58323000000.0,853125950.0,15075000000.0,50557000000.0,15075000000.0,46561000000.0,45571000000.0,46365000000.0,86138000000.0,23270000000.0,-6690000000.0,USD
9988.HK,2023-03-31,153112000000.0,106174000000.0,765622000000.0,3.46,72783000000.0,56744000000.0,145679000000.0,318992000000.0,868687000000.0,20526017712.0,665748000000.0,1151011000000.0,665748000000.0,1138745000000.0,599028000000.0,630123000000.0,1753044000000.0,257435000000.0,-34352000000.0,HKD
9988.HK,2022-03-31,128226000000.0,80161000000.0,758283000000.0,2.87,62249000000.0,55465000000.0,151721000000.0,313612000000.0,853062000000.0,21357323112.0,607242000000.0,1089823000000.0,607242000000.0,1080982000000.0,563557000000.0,613360000000.0,1695553000000.0,253451000000.0,-53324000000.0,HKD
9988.HK,2021-03-31,217963000000.0,170054000000.0,627611000000.0,6.952588,150578000000.0,57236000000.0,136743000000.0,296084000000.0,717289000000.0,21699031448.0,564517000000.0,1086623000000.0,564517000000.0,1073186000000.0,554924000000.0,606584000000.0,1690218000000.0,222156000000.0,-43185000000.0,HKD
9988.HK,2020-03-31,214252000000.0,171825000000.0,417705000000.0,7.1,149433000000.0,43080000000.0,78870000000.0,227344000000.0,509711000000.0,21491994944.0,405652000000.0,880831000000.0,405652000000.0,875677000000.0,406287000000.0,433334000000.0,1312985000000.0,138047000000.0,-45386000000.0,HKD
CRM,2023-01-31,5644000000.0,1858000000.0,29494000000.0,0.21,208000000.0,5055000000.0,16079000000.0,22992000000.0,31352000000.0,981000000.0,2666000000.0,68960000000.0,2666000000.0,67778000000.0,7585000000.0,40490000000.0,98849000000.0,6592000000.0,-798000000.0,USD
CRM,2022-01-31,3846000000.0,548000000.0,25944000000.0,1.51,1444000000.0,4465000000.0,14453000000.0,19466000000.0,26492000000.0,989000000.0,1216000000.0,68727000000.0,1216000000.0,68723000000.0,7377000000.0,37078000000.0,95209000000.0,5695000000.0,-717000000.0,USD
CRM,2021-01-31,3301000000.0,455000000.0,20797000000.0,4.48,4072000000.0,3598000000.0,11761000000.0,15814000000.0,21252000000.0,919000000.0,11061000000.0,44166000000.0,11061000000.0,44166000000.0,5933000000.0,24808000000.0,66301000000.0,5663000000.0,-710000000.0,USD
RMS.PA,2023-12-31,6421000000.0,5649000000.0,7778000000.0,,4311000000.0,,3169000000.0,9707000000.0,13427000000.0,104730297.0,14906000000.0,15254000000.0,14906000000.0,15253000000.0,4311000000.0,5242000000.0,20447000000.0,4056000000.0,,EUR
RMS.PA,2022-12-31,5427000000.0,4697000000.0,6905000000.0,32.2,3367000000.0,,2680000000.0,8213000000.0,11602000000.0,104535787.0,12228000000.0,12478000000.0,12228000000.0,12476000000.0,3367000000.0,5002000000.0,17459000000.0,3588000000.0,,EUR
RMS.PA,2021-12-31,4030000000.0,3467000000.0,5385000000.0,23.37,2445000000.0,,2136000000.0,6401000000.0,8981000000.0,104644259.0,9102000000.0,9426000000.0,9102000000.0,9425000000.0,2445000000.0,4434000000.0,13847000000.0,3398000000.0,,EUR
RMS.PA,2020-12-31,2533000000.0,2019000000.0,4356000000.0,13.27,1385000000.0,,1699000000.0,4376000000.0,6389000000.0,104602619.0,7118000000.0,7423000000.0,7118000000.0,7399000000.0,1385000000.0,3659000000.0,11051000000.0,3093000000.0,-448400000.0,EUR
AZN,2023-12-31,13422000000.0,8488000000.0,37089000000.0,,5955000000.0,10935000000.0,18222000000.0,37543000000.0,45811000000.0,1550162626.0,-18994000000.0,66637000000.0,-18994000000.0,61508000000.0,1502000000.0,61953000000.0,101119000000.0,10502000000.0,-3778000000.0,USD
AZN,2022-12-31,9085000000.0,3831000000.0,39839000000.0,1.06,3288000000.0,9762000000.0,17984000000.0,31960000000.0,44351000000.0,1549800030.0,-22090000000.0,65316000000.0,-22090000000.0,60002000000.0,-574000000.0,59425000000.0,96483000000.0,9449000000.0,-2571000000.0,USD
AZN,2021-12-31,5113000000.0,1011000000.0,37556000000.0,0.04,112000000.0,9736000000.0,15590000000.0,24980000000.0,37417000000.0,1549400665.0,-23116000000.0,69062000000.0,-23116000000.0,67402000000.0,1710000000.0,66076000000.0,105363000000.0,10171000000.0,-2200000000.0,USD
AZN,2020-12-31,8084000000.0,5188000000.0,22701000000.0,1.22,3196000000.0,5991000000.0,11896000000.0,21318000000.0,26617000000.0,1312668724.0,-17170000000.0,35321000000.0,-17170000000.0,33127000000.0,5299000000.0,51091000000.0,66729000000.0,8917000000.0,-2606000000.0,USD
MCD,2023-12-31,13861200000.0,11883000000.0,13748100000.0,11.63,8468800000.0,,2435200000.0,14562500000.0,25493700000.0,722700000.0,-7747100000.0,34638600000.0,-7747100000.0,32446200000.0,63479900000.0,60853500000.0,56146800000.0,38422000000.0,-2357400000.0,USD
MCD,2022-12-31,10903000000.0,9032400000.0,12838000000.0,8.39,6177400000.0,,2492200000.0,13207200000.0,23182600000.0,731300000.0,-8903800000.0,29900100000.0,-8903800000.0,29900100000.0,59543900000.0,56439000000.0,50435600000.0,36339300000.0,-1899200000.0,USD
MCD,2021-12-31,12181800000.0,10313700000.0,13350200000.0,10.11,7545200000.0,,2377800000.0,12580200000.0,23222900000.0,744800000.0,-7383500000.0,31021700000.0,-7383500000.0,31021700000.0,57534700000.0,58455300000.0,53854300000.0,38272600000.0,-2040000000.0,USD
MCD,2020-12-31,9110200000.0,7358800000.0,12001300000.0,6.346257,4730500000.0,,2245000000.0,9752100000.0,19207800000.0,745400000.0,-10598000000.0,29615500000.0,-10598000000.0,27371900000.0,53908100000.0,60451700000.0,52626800000.0,38785900000.0,-1640800000.0,USD
NVS,2023-12-31,18255000000.0,9978000000.0,36891000000.0,,14850000000.0,11371000000.0,12517000000.0,34188000000.0,46660000000.0,2044033986.0,-3553000000.0,71187000000.0,-3553000000.0,65103000000.0,,53195000000.0,99945000000.0,10924000000.0,-2753000000.0,USD
NVS,2022-12-31,14682000000.0,7977000000.0,35515000000.0,3.19,6955000000.0,9172000000.0,12193000000.0,31879000000.0,43461000000.0,2119609057.0,-1603000000.0,85462000000.0,-1603000000.0,79586000000.0,,58030000000.0,117453000000.0,12195000000.0,-2239000000.0,USD
NVS,2021-12-31,30914000000.0,25317000000.0,33918000000.0,10.71,24021000000.0,8641000000.0,12827000000.0,32239000000.0,43974000000.0,2234939948.0,3878000000.0,96784000000.0,3878000000.0,90557000000.0,,63973000000.0,131795000000.0,13106000000.0,-2556000000.0,USD
NVS,2020-12-31,17211000000.0,10747000000.0,39746000000.0,3.55,8072000000.0,8980000000.0,14197000000.0,34777000000.0,49898000000.0,2256822048.0,-10210000000.0,92448000000.0,-10210000000.0,82857000000.0,,71112000000.0,127778000000.0,13939000000.0,-2585000000.0,USD
ACN,2023-08-31,10587612000.0,9186857000.0,55301856000.0,10.9,6871557000.0,,10858572000.0,20731607000.0,64111745000.0,628265148.0,8046879000.0,25840742000.0,8046879000.0,25735932000.0,19316224000.0,24786712000.0,51245305000.0,4167486000.0,-528172000.0,USD
ACN,2022-08-31,10554225000.0,9243487000.0,52227124000.0,10.87,6877169000.0,,10334358000.0,19701539000.0,61594305000.0,631167579.0,7041996000.0,22161165000.0,7041996000.0,22151990000.0,18203842000.0,24516302000.0,47263390000.0,4677675000.0,-717998000.0,USD
ACN,2021-08-31,9711850000.0,7820608000.0,42911860000.0,9.31,5906809000.0,,8742599000.0,16364128000.0,50533389000.0,632085959.0,8403593000.0,19595007000.0,8403593000.0,19582927000.0,13988748000.0,23078729000.0,43175843000.0,4821624000.0,-580132000.0,USD
ACN,2020-08-31,8580526000.0,6807402000.0,37813395000.0,8.03,5107839000.0,,7462514000.0,13976158000.0,44327039000.0,634165526.0,9290716000.0,17062408000.0,9290716000.0,17054588000.0,12375533000.0,19579420000.0,37078593000.0,4728914000.0,-599132000.0,USD
NOVN.SW,2023-12-31,18255000000.0,9978000000.0,36891000000.0,,14850000000.0,11371000000.0,12517000000.0,34188000000.0,46660000000.0,2044033986.0,-3553000000.0,71187000000.0,-3553000000.0,65103000000.0,,53195000000.0,99945000000.0,10924000000.0,-2753000000.0,CHF
NOVN.SW,2022-12-31,14682000000.0,7977000000.0,35515000000.0,3.19,6955000000.0,9172000000.0,12193000000.0,31879000000.0,43461000000.0,2119609057.0,-1603000000.0,85462000000.0,-1603000000.0,79586000000.0,,58030000000.0,117453000000.0,12195000000.0,-2239000000.0,CHF
NOVN.SW,2021-12-31,30914000000.0,25317000000.0,33918000000.0,10.71,24021000000.0,8641000000.0,12827000000.0,32239000000.0,43974000000.0,2234939948.0,3878000000.0,96784000000.0,3878000000.0,90557000000.0,,63973000000.0,131795000000.0,13106000000.0,-2556000000.0,CHF
NOVN.SW,2020-12-31,17211000000.0,10747000000.0,39746000000.0,3.55,8072000000.0,8980000000.0,14197000000.0,34777000000.0,49898000000.0,2256822048.0,-10210000000.0,92448000000.0,-10210000000.0,82857000000.0,,71112000000.0,127778000000.0,13939000000.0,-2585000000.0,CHF
LIN,2022-12-31,9962000000.0,5758000000.0,26904000000.0,8.3,4147000000.0,143000000.0,3107000000.0,13914000000.0,33364000000.0,492457627.0,1791000000.0,57942000000.0,1791000000.0,52226000000.0,20541000000.0,38271000000.0,79658000000.0,24420000000.0,-3173000000.0,USD
LIN,2021-12-31,9904000000.0,5269000000.0,25510000000.0,7.4,3826000000.0,143000000.0,3189000000.0,13250000000.0,30793000000.0,508680879.0,3195000000.0,58242000000.0,3195000000.0,55370000000.0,18710000000.0,36164000000.0,81605000000.0,27019000000.0,-3086000000.0,USD
LIN,2020-12-31,8265000000.0,3639000000.0,23354000000.0,4.75,2501000000.0,152000000.0,3193000000.0,11860000000.0,27243000000.0,523294529.0,2932000000.0,63471000000.0,2932000000.0,59469000000.0,17178000000.0,38647000000.0,88229000000.0,29801000000.0,-3400000000.0,USD
NFLX,2023-12-31,21508387000.0,6954003000.0,26769294000.0,12.25,5407990000.0,2675758000.0,4378168000.0,14007929000.0,33723297000.0,432759584.0,-11069743000.0,35131574000.0,-11069743000.0,34731730000.0,22589286000.0,28143679000.0,48731992000.0,1491444000.0,-348552000.0,USD
NFLX,2022-12-31,20332955000.0,5970141000.0,25982719000.0,10.1,4491924000.0,2711041000.0,4103393000.0,12447265000.0,31615550000.0,445346776.0,-11959312000.0,35130477000.0,-11959312000.0,35130477000.0,17181296000.0,27817367000.0,48594768000.0,1398257000.0,-407729000.0,USD
NFLX,2021-12-31,19044502000.0,6605723000.0,23503335000.0,11.55,5116228000.0,2273885000.0,3896767000.0,12365161000.0,29697844000.0,443963107.0,-15070291000.0,31242143000.0,-15070291000.0,30542320000.0,12689372000.0,28735415000.0,44584663000.0,1323453000.0,-524585000.0,USD
NFLX,2020-12-31,15507911000.0,4585289000.0,20410767000.0,6.26,2761395000.0,1829600000.0,3304848000.0,9719737000.0,24996056000.0,442895261.0,-14318710000.0,27374213000.0,-14318710000.0,26874335000.0,7573144000.0,28215119000.0,39280359000.0,960183000.0,-497923000.0,USD
AMD,2023-12-31,4149000000.0,598000000.0,22279000000.0,0.53,854000000.0,5872000000.0,2352000000.0,10460000000.0,22680000000.0,1616000000.0,10267000000.0,58360000000.0,10267000000.0,57609000000.0,723000000.0,11993000000.0,67885000000.0,2222000000.0,-546000000.0,USD
AMD,2022-12-31,5534000000.0,1272000000.0,22337000000.0,0.85,1320000000.0,5005000000.0,2336000000.0,10603000000.0,23601000000.0,1612000000.0,6455000000.0,57217000000.0,6455000000.0,57217000000.0,-131000000.0,12830000000.0,67580000000.0,1973000000.0,-450000000.0,USD
AMD,2021-12-31,4166000000.0,3703000000.0,12786000000.0,2.61,3162000000.0,2845000000.0,1448000000.0,7929000000.0,16434000000.0,1207000000.0,6885000000.0,7810000000.0,6885000000.0,7498000000.0,-1451000000.0,4922000000.0,12419000000.0,1069000000.0,-301000000.0,USD
AMD,2020-12-31,1676000000.0,1322000000.0,8394000000.0,2.1,2490000000.0,1983000000.0,995000000.0,4347000000.0,9763000000.0,1211000000.0,5319000000.0,6167000000.0,5319000000.0,6167000000.0,-4605000000.0,3125000000.0,8962000000.0,849000000.0,-294000000.0,USD
TMO,2023-12-31,,,,15.52,,,,,,390510837.0,-14660000000.0,78466000000.0,-14660000000.0,72887000000.0,41910000000.0,53006000000.0,97154000000.0,9280000000.0,-2243000000.0,USD
TMO,2022-12-31,11942000000.0,8561000000.0,36408000000.0,17.75,6950000000.0,1471000000.0,8993000000.0,18971000000.0,44915000000.0,394434629.0,-21244000000.0,75663000000.0,-21244000000.0,73126000000.0,35431000000.0,54146000000.0,95123000000.0,8333000000.0,-2523000000.0,USD
TMO,2021-12-31,11969000000.0,9377000000.0,28986000000.0,19.62,7725000000.0,1406000000.0,8007000000.0,19638000000.0,39211000000.0,396670508.0,-4219000000.0,56242000000.0,-4219000000.0,53614000000.0,28116000000.0,34535000000.0,69052000000.0,5912000000.0,-1474000000.0,USD
TMO,2020-12-31,10108000000.0,7783000000.0,24325000000.0,16.09,6375000000.0,1181000000.0,6930000000.0,16004000000.0,32218000000.0,,,,,,,,,,,USD
PFE,2022-12-31,41031000000.0,35967000000.0,63058000000.0,5.59,31372000000.0,11428000000.0,13677000000.0,65986000000.0,100330000000.0,5616000000.0,916000000.0,130531000000.0,916000000.0,127586000000.0,125656000000.0,101289000000.0,197205000000.0,16274000000.0,-3236000000.0,USD
PFE,2021-12-31,30793000000.0,25602000000.0,57584000000.0,3.92,21979000000.0,10360000000.0,12703000000.0,50467000000.0,81288000000.0,5620000000.0,2847000000.0,114199000000.0,2847000000.0,111958000000.0,103394000000.0,104014000000.0,181476000000.0,14882000000.0,-2711000000.0,USD
PFE,2020-12-31,13262000000.0,8485000000.0,32822000000.0,1.73,9159000000.0,9393000000.0,11597000000.0,33167000000.0,41651000000.0,5567000000.0,-14654000000.0,101512000000.0,-14654000000.0,98809000000.0,90392000000.0,90756000000.0,154229000000.0,13745000000.0,-2226000000.0,USD
TMUS,2023-12-31,27152000000.0,14334000000.0,64317000000.0,7.02,8317000000.0,,21311000000.0,48370000000.0,78558000000.0,1195807331.0,-46844000000.0,139733000000.0,-46844000000.0,136114000000.0,7347000000.0,142967000000.0,207682000000.0,70837000000.0,-10811000000.0,USD
TMUS,2022-12-31,20161000000.0,6510000000.0,71464000000.0,2.07,2590000000.0,,21607000000.0,43365000000.0,79571000000.0,1233960078.0,-41884000000.0,141616000000.0,-41884000000.0,136452000000.0,-223000000.0,141682000000.0,211338000000.0,74058000000.0,-17301000000.0,USD
TMUS,2021-12-31,23076000000.0,6693000000.0,73226000000.0,2.42,3024000000.0,,20238000000.0,43513000000.0,80118000000.0,1249213681.0,-40425000000.0,143295000000.0,-40425000000.0,137672000000.0,-2812000000.0,137461000000.0,206563000000.0,70084000000.0,-21692000000.0,USD
TMUS,2020-12-31,20382000000.0,6231000000.0,61343000000.0,2.68,3064000000.0,,18926000000.0,40131000000.0,68397000000.0,1241805706.0,-33899000000.0,136469000000.0,-33899000000.0,131890000000.0,-5836000000.0,134818000000.0,200162000000.0,72224000000.0,-12367000000.0,USD
ABT,2023-12-31,10544000000.0,7301000000.0,33631000000.0,3.300316,5723000000.0,2741000000.0,10949000000.0,22134000000.0,40109000000.0,1734076358.0,6109000000.0,53282000000.0,6109000000.0,52202000000.0,37554000000.0,34387000000.0,73214000000.0,10154000000.0,-2202000000.0,USD
ABT,2022-12-31,12131000000.0,8864000000.0,35291000000.0,3.94,6933000000.0,2888000000.0,11248000000.0,24511000000.0,43653000000.0,1737795021.0,3433000000.0,53459000000.0,3433000000.0,51208000000.0,35257000000.0,37533000000.0,74438000000.0,9162000000.0,-1777000000.0,USD
ABT,2021-12-31,12282000000.0,8744000000.0,34650000000.0,3.97,7071000000.0,2742000000.0,11324000000.0,24538000000.0,43075000000.0,1764082193.0,-168000000.0,53852000000.0,-168000000.0,53098000000.0,31528000000.0,39172000000.0,75196000000.0,8959000000.0,-1885000000.0,USD
ABT,2020-12-31,8841000000.0,5514000000.0,29251000000.0,2.537784,4495000000.0,2420000000.0,9696000000.0,19605000000.0,34608000000.0,1771230274.0,-5744000000.0,51531000000.0,-5744000000.0,51311000000.0,27627000000.0,39545000000.0,72548000000.0,9029000000.0,-2177000000.0,USD
TTE,2023-12-31,,,,8.72,,,,,,2481943618.0,100746000000.0,167307000000.0,100746000000.0,153242000000.0,,189294000000.0,303864000000.0,128054000000.0,-15690000000.0,USD
TTE,2022-12-31,59042000000.0,45362000000.0,213617000000.0,7.91,20526000000.0,,,81211000000.0,263310000000.0,2606588225.0,100710000000.0,173395000000.0,100710000000.0,159750000000.0,,178459000000.0,293458000000.0,128017000000.0,-12343000000.0,USD
TTE,2021-12-31,42066000000.0,27723000000.0,160709000000.0,5.95,16032000000.0,,,52008000000.0,184634000000.0,2628731322.0,92648000000.0,178183000000.0,92648000000.0,162290000000.0,,160047000000.0,266132000000.0,130809000000.0,-10764000000.0,USD
TTE,2020-12-31,17880000000.0,-4981000000.0,126969000000.0,-2.9,-7242000000.0,,,19611000000.0,119704000000.0,,,,,,,,,,,USD
TTE.PA,2023-12-31,,,,8.72,,,,,,2481943618.0,100746000000.0,167307000000.0,100746000000.0,153242000000.0,,189294000000.0,303864000000.0,128054000000.0,-15690000000.0,EUR
TTE.PA,2022-12-31,59042000000.0,45362000000.0,213617000000.0,7.91,20526000000.0,,,81211000000.0,263310000000.0,2606588225.0,100710000000.0,173395000000.0,100710000000.0,159750000000.0,,178459000000.0,293458000000.0,128017000000.0,-12343000000.0,EUR
TTE.PA,2021-12-31,42066000000.0,27723000000.0,160709000000.0,5.95,16032000000.0,,,52008000000.0,184634000000.0,2628731322.0,92648000000.0,178183000000.0,92648000000.0,162290000000.0,,160047000000.0,266132000000.0,130809000000.0,-10764000000.0,EUR
TTE.PA,2020-12-31,17880000000.0,-4981000000.0,126969000000.0,-2.9,-7242000000.0,,,19611000000.0,119704000000.0,,,,,,,,,,,EUR
SAP,2023-12-31,,,,5.23,,,,,,1167117547.0,3245000000.0,51131000000.0,3245000000.0,47147000000.0,36418000000.0,29311000000.0,72159000000.0,4934000000.0,-874000000.0,USD
SAP,2022-12-31,7191000000.0,5295000000.0,26063000000.0,1.95,2284000000.0,6166000000.0,11015000000.0,21935000000.0,30871000000.0,1179579340.0,3800000000.0,51853000000.0,3800000000.0,48097000000.0,37022000000.0,29651000000.0,71174000000.0,4977000000.0,-800000000.0,USD
SAP,2021-12-31,9571000000.0,7796000000.0,23029000000.0,4.560948,5256000000.0,5190000000.0,9936000000.0,19897000000.0,27842000000.0,1179579340.0,-1606000000.0,43059000000.0,-1606000000.0,41576000000.0,32026000000.0,28537000000.0,58464000000.0,5041000000.0,-816000000.0,USD
SAP,2020-12-31,9748000000.0,7917000000.0,20718000000.0,4.35,5145000000.0,4454000000.0,8462000000.0,19453000000.0,27338000000.0,,,,,,,,,,,USD
SAP.DE,2023-12-31,,,,5.23,,,,,,1167117547.0,3245000000.0,51131000000.0,3245000000.0,47147000000.0,36418000000.0,29311000000.0,72159000000.0,4934000000.0,-874000000.0,EUR
SAP.DE,2022-12-31,7191000000.0,5295000000.0,26063000000.0,1.95,2284000000.0,6166000000.0,11015000000.0,21935000000.0,30871000000.0,1179579340.0,3800000000.0,51853000000.0,3800000000.0,48097000000.0,37022000000.0,29651000000.0,71174000000.0,4977000000.0,-800000000.0,EUR
SAP.DE,2021-12-31,9571000000.0,7796000000.0,23029000000.0,4.560948,5256000000.0,5190000000.0,9936000000.0,19897000000.0,27842000000.0,1179579340.0,-1606000000.0,43059000000.0,-1606000000.0,41576000000.0,32026000000.0,28537000000.0,58464000000.0,5041000000.0,-816000000.0,EUR
SAP.DE,2020-12-31,9748000000.0,7917000000.0,20718000000.0,4.35,5145000000.0,4454000000.0,8462000000.0,19453000000.0,27338000000.0,,,,,,,,,,,EUR
NKE,2023-05-31,6774000000.0,5915000000.0,45302000000.0,3.27,5070000000.0,,4060000000.0,22292000000.0,51217000000.0,1532000000.0,13449000000.0,22937000000.0,13449000000.0,22931000000.0,1358000000.0,23527000000.0,37531000000.0,8004000000.0,-969000000.0,USD
NKE,2022-05-31,7515000000.0,6675000000.0,40035000000.0,3.83,6046000000.0,,3850000000.0,21479000000.0,46710000000.0,1571000000.0,14711000000.0,24711000000.0,14711000000.0,24201000000.0,3476000000.0,25040000000.0,40321000000.0,7717000000.0,-758000000.0,USD
NKE,2021-05-31,7734000000.0,6937000000.0,37601000000.0,3.64,5727000000.0,,3114000000.0,19962000000.0,44538000000.0,1578000000.0,12256000000.0,22182000000.0,12256000000.0,22180000000.0,3179000000.0,24973000000.0,37740000000.0,8017000000.0,-695000000.0,USD
NKE,2020-05-31,4234000000.0,3115000000.0,34288000000.0,1.63,2539000000.0,,13126000000.0,16241000000.0,37403000000.0,1558000000.0,7558000000.0,17712000000.0,7558000000.0,17461000000.0,-191000000.0,23287000000.0,31342000000.0,7963000000.0,-1086000000.0,USD
INTC,2023-12-31,11242000000.0,1640000000.0,54197000000.0,0.4,1689000000.0,16046000000.0,5634000000.0,21711000000.0,54228000000.0,4228000000.0,73410000000.0,154868000000.0,73410000000.0,152568000000.0,69156000000.0,81607000000.0,191572000000.0,96647000000.0,-25750000000.0,USD
INTC,2022-12-31,21299000000.0,8264000000.0,60718000000.0,1.95,8014000000.0,17528000000.0,7002000000.0,26866000000.0,63054000000.0,4137000000.0,67814000000.0,143430000000.0,67814000000.0,139107000000.0,70405000000.0,78817000000.0,182103000000.0,80860000000.0,-25050000000.0,USD
INTC,2021-12-31,34092000000.0,22300000000.0,56942000000.0,4.89,19868000000.0,15190000000.0,6543000000.0,43815000000.0,79024000000.0,4070000000.0,61158000000.0,133501000000.0,61158000000.0,128901000000.0,68265000000.0,73015000000.0,168406000000.0,63245000000.0,-20329000000.0,USD
INTC,2020-12-31,37946000000.0,25707000000.0,53991000000.0,4.98,20899000000.0,13556000000.0,6180000000.0,43612000000.0,77867000000.0,4062000000.0,45041000000.0,117439000000.0,45041000000.0,114935000000.0,56233000000.0,72053000000.0,153091000000.0,56584000000.0,-14453000000.0,USD
DIS,2023-09-30,12111000000.0,6742000000.0,79906000000.0,1.29,2354000000.0,,15336000000.0,29697000000.0,88898000000.0,1830000000.0,9149000000.0,145708000000.0,9149000000.0,141378000000.0,46093000000.0,92567000000.0,205579000000.0,34941000000.0,-4969000000.0,USD
DIS,2022-09-30,11997000000.0,6834000000.0,75952000000.0,1.73,3145000000.0,,16388000000.0,28321000000.0,82722000000.0,1781000000.0,2274000000.0,143377000000.0,2274000000.0,140307000000.0,43636000000.0,95253000000.0,203631000000.0,33596000000.0,-4943000000.0,USD
DIS,2021-09-30,9078000000.0,3967000000.0,63759000000.0,1.1,1995000000.0,,13517000000.0,22287000000.0,67418000000.0,1818000000.0,-6633000000.0,142959000000.0,-6633000000.0,137093000000.0,40429000000.0,101385000000.0,203609000000.0,32624000000.0,-3578000000.0,USD
DIS,2020-09-30,5093000000.0,-252000000.0,61594000000.0,-1.58,-2864000000.0,,12369000000.0,21508000000.0,65388000000.0,1807063365.0,-13279000000.0,142211000000.0,-13279000000.0,136500000000.0,38315000000.0,104037000000.0,201549000000.0,32078000000.0,-4022000000.0,USD
VZ,2023-12-31,40135000000.0,22511000000.0,105256000000.0,2.76,11614000000.0,,32745000000.0,79087000000.0,133974000000.0,4204260649.0,-97137000000.0,243104000000.0,-97137000000.0,230131000000.0,82915000000.0,286456000000.0,380255000000.0,133036000000.0,-24563000000.0,USD
VZ,2022-12-31,48983000000.0,31884000000.0,106368000000.0,5.06,21256000000.0,,30136000000.0,77702000000.0,136835000000.0,4199861388.0,-98784000000.0,241783000000.0,-98784000000.0,231820000000.0,82380000000.0,287217000000.0,379680000000.0,133564000000.0,-26740000000.0,USD
VZ,2021-12-31,49111000000.0,32905000000.0,101165000000.0,5.32,22065000000.0,,28658000000.0,77312000000.0,133613000000.0,4197798921.0,-106109000000.0,232658000000.0,-106109000000.0,225215000000.0,71993000000.0,283396000000.0,366596000000.0,127579000000.0,-67882000000.0,USD
VZ,2020-12-31,44934000000.0,28214000000.0,99494000000.0,4.3,17801000000.0,,31573000000.0,77091000000.0,128292000000.0,4138129558.0,-65213000000.0,196904000000.0,-65213000000.0,191015000000.0,60464000000.0,247209000000.0,316481000000.0,117364000000.0,-22088000000.0,USD
BHP,2023-06-30,28611000000.0,23550000000.0,32129000000.0,5.104,12921000000.0,,7243000000.0,37904000000.0,53817000000.0,5064408782.0,41445000000.0,57071000000.0,41445000000.0,55729000000.0,39787000000.0,52766000000.0,101296000000.0,71818000000.0,-6733000000.0,USD
BHP,2022-06-30,39962000000.0,34279000000.0,32211000000.0,12.212,30900000000.0,,6937000000.0,50184000000.0,65098000000.0,5064769510.0,42147000000.0,56971000000.0,42147000000.0,55265000000.0,40338000000.0,46400000000.0,95166000000.0,61295000000.0,-5855000000.0,USD
BHP,2021-06-30,30234000000.0,25150000000.0,27984000000.0,4.47,11304000000.0,,6257000000.0,44179000000.0,56921000000.0,5057039948.0,48544000000.0,66631000000.0,48544000000.0,65329000000.0,46779000000.0,53322000000.0,108927000000.0,73813000000.0,-5612000000.0,USD
BHP,2020-06-30,18745000000.0,14078000000.0,25195000000.0,3.146,7956000000.0,,5479000000.0,26962000000.0,38924000000.0,5057690028.0,45008000000.0,69450000000.0,45008000000.0,66028000000.0,43396000000.0,53558000000.0,105733000000.0,72362000000.0,-5991000000.0,USD
COP,2023-12-31,25621000000.0,17351000000.0,41115000000.0,9.08,10957000000.0,,705000000.0,18203000000.0,56141000000.0,1178101555.0,49279000000.0,68216000000.0,49279000000.0,67142000000.0,59268000000.0,46645000000.0,95924000000.0,70044000000.0,-11248000000.0,USD
COP,2022-12-31,36787000000.0,29283000000.0,53032000000.0,14.62,18680000000.0,,623000000.0,30013000000.0,78494000000.0,1223856072.0,48003000000.0,64646000000.0,48003000000.0,64229000000.0,53029000000.0,45826000000.0,93829000000.0,64866000000.0,-10159000000.0,USD
COP,2021-12-31,21046000000.0,13838000000.0,33757000000.0,6.09,8079000000.0,,719000000.0,14768000000.0,45828000000.0,1302242872.0,45406000000.0,65340000000.0,45406000000.0,64140000000.0,40674000000.0,45255000000.0,90661000000.0,64911000000.0,-5324000000.0,USD
COP,2020-12-31,3439000000.0,-2082000000.0,20584000000.0,-2.51,-2701000000.0,,430000000.0,841000000.0,18784000000.0,1068042178.0,29849000000.0,45218000000.0,29849000000.0,44599000000.0,35213000000.0,32769000000.0,62618000000.0,39893000000.0,-4715000000.0,USD
AMGN,2023-12-31,14801000000.0,10730000000.0,20293000000.0,12.56,6717000000.0,4784000000.0,6179000000.0,19739000000.0,28190000000.0,535400000.0,-45038000000.0,70845000000.0,-45038000000.0,69402000000.0,-26549000000.0,90922000000.0,97154000000.0,5941000000.0,-1112000000.0,USD
AMGN,2022-12-31,12169000000.0,8752000000.0,16757000000.0,12.18,6552000000.0,4434000000.0,5414000000.0,19917000000.0,26323000000.0,534000000.0,-27948000000.0,42606000000.0,-27948000000.0,41015000000.0,-28622000000.0,61460000000.0,65121000000.0,5427000000.0,-936000000.0,USD
AMGN,2021-12-31,11296000000.0,7898000000.0,16835000000.0,10.34,5893000000.0,4819000000.0,5368000000.0,19525000000.0,25979000000.0,558300000.0,-23372000000.0,40009000000.0,-23372000000.0,39922000000.0,-24600000000.0,54465000000.0,61165000000.0,5184000000.0,-880000000.0,USD
AMGN,2020-12-31,12996000000.0,9395000000.0,16285000000.0,12.4,7264000000.0,4207000000.0,5730000000.0,19265000000.0,25424000000.0,578300000.0,-21867000000.0,42395000000.0,-21867000000.0,42304000000.0,-21408000000.0,53539000000.0,62948000000.0,4889000000.0,-608000000.0,USD
DHR,2023-12-31,7496000000.0,5330000000.0,18611000000.0,6.44,4764000000.0,1503000000.0,7252000000.0,14034000000.0,23890000000.0,739200000.0,-8868000000.0,71888000000.0,-8868000000.0,70193000000.0,41074000000.0,30998000000.0,84488000000.0,4553000000.0,-1383000000.0,USD
DHR,2022-12-31,9482000000.0,7350000000.0,19107000000.0,9.8,7209000000.0,1528000000.0,7124000000.0,16188000000.0,26643000000.0,728300000.0,-8683000000.0,68091000000.0,-7015000000.0,69168000000.0,39205000000.0,34260000000.0,84350000000.0,3709000000.0,-1118000000.0,USD
DHR,2021-12-31,8804000000.0,6742000000.0,18415000000.0,8.77,6433000000.0,1498000000.0,6807000000.0,15239000000.0,24802000000.0,715000000.0,-22128000000.0,64075000000.0,-18860000000.0,67335000000.0,32827000000.0,38007000000.0,83184000000.0,3790000000.0,-1240000000.0,USD
DHR,2020-12-31,6545000000.0,4770000000.0,18053000000.0,4.97,3646000000.0,1348000000.0,6896000000.0,12475000000.0,22284000000.0,711000000.0,-20204000000.0,57702000000.0,-16936000000.0,60959000000.0,27159000000.0,36384000000.0,76161000000.0,3262000000.0,-791000000.0,USD
PM,2023-12-31,13374000000.0,11976000000.0,22998000000.0,5.02,7813000000.0,,10105000000.0,22281000000.0,35174000000.0,1552424531.0,-37868000000.0,36684000000.0,-37868000000.0,30018000000.0,34090000000.0,74750000000.0,65304000000.0,7516000000.0,-1321000000.0,USD
PM,2022-12-31,13479000000.0,12402000000.0,19540000000.0,5.82,9048000000.0,,8138000000.0,20360000000.0,31762000000.0,1550217711.0,-35344000000.0,34166000000.0,-35344000000.0,25918000000.0,34289000000.0,67992000000.0,61681000000.0,6710000000.0,-1077000000.0,USD
PM,2021-12-31,13967000000.0,12969000000.0,18545000000.0,5.83,9109000000.0,,8515000000.0,21375000000.0,31405000000.0,1550169993.0,-19604000000.0,17700000000.0,-19604000000.0,14677000000.0,33082000000.0,49498000000.0,41290000000.0,6168000000.0,-748000000.0,USD
PM,2020-12-31,12662000000.0,11681000000.0,17123000000.0,5.16,8056000000.0,,7481000000.0,19125000000.0,28694000000.0,1557373731.0,-20550000000.0,18969000000.0,-20550000000.0,15601000000.0,31638000000.0,55446000000.0,44815000000.0,6365000000.0,-602000000.0,USD
INTU,2023-07-31,4043000000.0,3237000000.0,11227000000.0,8.49,2384000000.0,2539000000.0,5062000000.0,11225000000.0,14368000000.0,280421000.0,-2930000000.0,23389000000.0,-2930000000.0,23389000000.0,15067000000.0,10511000000.0,27780000000.0,1438000000.0,-260000000.0,USD
INTU,2022-07-31,3369000000.0,2623000000.0,10155000000.0,7.38,2066000000.0,2347000000.0,4986000000.0,10320000000.0,12726000000.0,281932000.0,-4356000000.0,23355000000.0,-4356000000.0,22856000000.0,13581000000.0,11293000000.0,27734000000.0,1437000000.0,-229000000.0,USD
INTU,2021-07-31,2948000000.0,2585000000.0,7133000000.0,7.65,2062000000.0,1678000000.0,3626000000.0,7950000000.0,9633000000.0,273235000.0,1004000000.0,11903000000.0,1004000000.0,11903000000.0,12296000000.0,5647000000.0,15516000000.0,1160000000.0,-125000000.0,USD
INTU,2020-07-31,2425000000.0,2207000000.0,5503000000.0,6.99,1826000000.0,1392000000.0,2727000000.0,6301000000.0,7679000000.0,261740000.0,3424000000.0,8475000000.0,3424000000.0,7137000000.0,10885000000.0,5825000000.0,10931000000.0,960000000.0,-137000000.0,USD
PDD,2022-12-31,39205753000.0,36470669000.0,100155668000.0,24.96,31538062000.0,10384716000.0,58308654000.0,99095291000.0,130557589000.0,5278348396.0,117636909000.0,133232417000.0,117636909000.0,119346666000.0,15193035000.0,119349042000.0,237119953000.0,2460928000.0,-635716000.0,USD
PDD,2021-12-31,12530672000.0,10686429000.0,87053177000.0,6.2,7768670000.0,8992590000.0,46342494000.0,62231846000.0,93949939000.0,5057542676.0,74413327000.0,86903454000.0,74413327000.0,86903454000.0,-17706533000.0,106095171000.0,181209718000.0,3141860000.0,-3287232000.0,USD
PDD,2020-12-31,-5705592000.0,-6506060000.0,68872190000.0,-6.04,-7179742000.0,6891653000.0,42701896000.0,40213224000.0,59491865000.0,4954809968.0,58899137000.0,76474996000.0,58899137000.0,74608680000.0,-25475203000.0,98732726000.0,158908614000.0,832680000.0,-43046000.0,USD
IBM,2023-12-31,,,,8.23,,,,,,906091977.0,-45189000000.0,72892000000.0,-45189000000.0,68133000000.0,149825000000.0,105222000000.0,127243000000.0,8212000000.0,-1972000000.0,USD
IBM,2022-12-31,7174000000.0,2372000000.0,52375000000.0,1.82,1640000000.0,6567000000.0,17483000000.0,32687000000.0,60530000000.0,898068599.0,-49253000000.0,70604000000.0,-49253000000.0,63818000000.0,154209000000.0,113005000000.0,132001000000.0,8916000000.0,-2768000000.0,USD
IBM,2021-12-31,12409000000.0,5992000000.0,50519000000.0,6.41,5742000000.0,6488000000.0,17699000000.0,31486000000.0,57351000000.0,892653424.0,-46907000000.0,81930000000.0,-46907000000.0,74814000000.0,162717000000.0,135245000000.0,155971000000.0,9770000000.0,-3230000000.0,USD
IBM,2020-12-31,10555000000.0,3860000000.0,50517000000.0,6.28,5590000000.0,6262000000.0,20561000000.0,30865000000.0,55179000000.0,,,,,,,,,,,USD
TXN,2023-12-31,9009000000.0,7771000000.0,10188000000.0,7.169604,6510000000.0,1863000000.0,1825000000.0,11019000000.0,17519000000.0,909000000.0,12312000000.0,28120000000.0,12312000000.0,27521000000.0,52283000000.0,15451000000.0,32348000000.0,9999000000.0,-5071000000.0,USD
TXN,2022-12-31,11225000000.0,10246000000.0,9631000000.0,9.51,8749000000.0,1670000000.0,1704000000.0,13771000000.0,20028000000.0,906000000.0,10063000000.0,23312000000.0,10063000000.0,22812000000.0,50353000000.0,12630000000.0,27207000000.0,6876000000.0,-2797000000.0,USD
TXN,2021-12-31,10057000000.0,9103000000.0,9188000000.0,8.417118,7769000000.0,1554000000.0,1666000000.0,12376000000.0,18344000000.0,924000000.0,8886000000.0,21074000000.0,8886000000.0,20574000000.0,45919000000.0,11343000000.0,24676000000.0,5141000000.0,-2462000000.0,USD
TXN,2020-12-31,7199000000.0,6207000000.0,8345000000.0,6.074919,5595000000.0,1530000000.0,1623000000.0,9269000000.0,14461000000.0,919354152.0,4703000000.0,15985000000.0,4703000000.0,15435000000.0,42051000000.0,10164000000.0,19351000000.0,3269000000.0,-649000000.0,USD
QCOM,2023-09-30,9946000000.0,8137000000.0,28032000000.0,6.47,7232000000.0,8818000000.0,2483000000.0,19951000000.0,35820000000.0,1114000000.0,9531000000.0,36979000000.0,9531000000.0,36065000000.0,20733000000.0,29459000000.0,51040000000.0,5042000000.0,-1450000000.0,USD
QCOM,2022-09-30,17250000000.0,15488000000.0,28340000000.0,11.52,12936000000.0,8194000000.0,2570000000.0,25565000000.0,44200000000.0,1121000000.0,5623000000.0,33495000000.0,5623000000.0,31550000000.0,17840000000.0,31001000000.0,49014000000.0,5168000000.0,-2262000000.0,USD
QCOM,2021-09-30,12415000000.0,10833000000.0,23777000000.0,7.99,9043000000.0,7176000000.0,2339000000.0,19304000000.0,33566000000.0,1125000000.0,1246000000.0,25695000000.0,1246000000.0,23651000000.0,9822000000.0,31290000000.0,41240000000.0,4559000000.0,-1888000000.0,USD
QCOM,2020-09-30,7714000000.0,6321000000.0,17276000000.0,4.58,5198000000.0,5975000000.0,2074000000.0,14276000000.0,23531000000.0,1131000000.0,-1899000000.0,21803000000.0,-1899000000.0,21303000000.0,5284000000.0,29517000000.0,35594000000.0,3711000000.0,-1407000000.0,USD
UNP,2023-12-31,11891000000.0,9573000000.0,15037000000.0,,6379000000.0,,,10529000000.0,24119000000.0,609703814.0,13974000000.0,47367000000.0,13974000000.0,45944000000.0,62093000000.0,52344000000.0,67132000000.0,58227000000.0,-3606000000.0,USD
UNP,2022-12-31,12589000000.0,10343000000.0,14958000000.0,11.24,6998000000.0,,,11205000000.0,24875000000.0,612393321.0,11434000000.0,45489000000.0,11434000000.0,43811000000.0,58887000000.0,53286000000.0,65449000000.0,56981000000.0,-3620000000.0,USD
UNP,2021-12-31,11843000000.0,9635000000.0,12466000000.0,9.98,6523000000.0,,,10514000000.0,21804000000.0,638841656.0,13475000000.0,43890000000.0,13475000000.0,41724000000.0,55049000000.0,49364000000.0,63525000000.0,55972000000.0,-2936000000.0,USD
UNP,2020-12-31,10331000000.0,8121000000.0,11699000000.0,7.9,5349000000.0,,,9179000000.0,19533000000.0,671351360.0,16279000000.0,43238000000.0,16279000000.0,42278000000.0,51326000000.0,45440000000.0,62398000000.0,55092000000.0,-2927000000.0,USD
CDI.PA,2022-12-31,26705000000.0,20479000000.0,58224000000.0,32.13,5797000000.0,,33183000000.0,54195000000.0,79183000000.0,180410580.0,-28777000000.0,38792000000.0,-28777000000.0,29417000000.0,16866000000.0,77637000000.0,131951000000.0,37021000000.0,-5083000000.0,EUR
CDI.PA,2021-12-31,23266000000.0,17439000000.0,47193000000.0,27.41,4946000000.0,,26733000000.0,43860000000.0,64215000000.0,180410580.0,-32682000000.0,35629000000.0,-32682000000.0,27537000000.0,13880000000.0,75989000000.0,122356000000.0,33242000000.0,-3255000000.0,EUR
CDI.PA,2020-12-31,13813000000.0,7763000000.0,36579000000.0,10.72,1933000000.0,,20438000000.0,28779000000.0,44650000000.0,180410580.0,-19381000000.0,36340000000.0,-19381000000.0,25335000000.0,10740000000.0,69773000000.0,106017000000.0,30089000000.0,-2464000000.0,EUR
NOW,2023-12-31,1594000000.0,1032000000.0,8209000000.0,8.48,1731000000.0,2124000000.0,4164000000.0,7050000000.0,8971000000.0,204724000.0,6173000000.0,9116000000.0,6173000000.0,9116000000.0,2069000000.0,9759000000.0,17387000000.0,2073000000.0,-694000000.0,USD
NOW,2022-12-31,859000000.0,426000000.0,6890000000.0,1.61,325000000.0,1768000000.0,3549000000.0,5672000000.0,7245000000.0,202882000.0,3976000000.0,6518000000.0,3976000000.0,6518000000.0,338000000.0,8267000000.0,13299000000.0,1735000000.0,-550000000.0,USD
NOW,2021-12-31,729000000.0,257000000.0,5639000000.0,1.16,230000000.0,1397000000.0,2889000000.0,4543000000.0,5896000000.0,199608000.0,2631000000.0,5271000000.0,2631000000.0,5179000000.0,-4000000.0,7103000000.0,10798000000.0,1357000000.0,-392000000.0,USD
NOW,2020-12-31,519000000.0,183000000.0,4320000000.0,0.61,119000000.0,1024000000.0,2309000000.0,3532000000.0,4519000000.0,195844000.0,2440000000.0,4474000000.0,2440000000.0,4474000000.0,-234000000.0,5881000000.0,8715000000.0,1114000000.0,-432000000.0,USD
CAT,2023-12-31,15705000000.0,13561000000.0,54094000000.0,,10335000000.0,2108000000.0,6371000000.0,23263000000.0,67060000000.0,499377269.0,13622000000.0,57433000000.0,13622000000.0,44027000000.0,51250000000.0,67973000000.0,87476000000.0,12680000000.0,-3092000000.0,USD
CAT,2022-12-31,11414000000.0,9195000000.0,50598000000.0,12.72,6705000000.0,1814000000.0,5651000000.0,17512000000.0,59427000000.0,516345490.0,9823000000.0,52974000000.0,9823000000.0,41695000000.0,43514000000.0,66052000000.0,81943000000.0,12028000000.0,-2599000000.0,USD
CAT,2021-12-31,11044000000.0,8692000000.0,44093000000.0,11.93,6489000000.0,1686000000.0,5365000000.0,15003000000.0,50971000000.0,535888051.0,9118000000.0,54194000000.0,9118000000.0,42438000000.0,39282000000.0,66277000000.0,82793000000.0,12090000000.0,-2472000000.0,USD
CAT,2020-12-31,6941000000.0,4509000000.0,37195000000.0,5.51,2998000000.0,1415000000.0,4642000000.0,12077000000.0,41748000000.0,545303847.0,7629000000.0,52391000000.0,7629000000.0,41227000000.0,35167000000.0,62946000000.0,78324000000.0,12401000000.0,-2115000000.0,USD
UPS,2023-12-31,12724000000.0,9358000000.0,81817000000.0,7.81,6708000000.0,,,17231000000.0,90958000000.0,853616677.0,9129000000.0,39570000000.0,9129000000.0,36222000000.0,21055000000.0,53543000000.0,70857000000.0,41253000000.0,-5158000000.0,USD
UPS,2022-12-31,18717000000.0,15529000000.0,87244000000.0,13.26,11548000000.0,,,21009000000.0,100338000000.0,858800000.0,12767000000.0,39448000000.0,12767000000.0,37107000000.0,21326000000.0,51321000000.0,71124000000.0,38474000000.0,-4769000000.0,USD
UPS,2021-12-31,20242000000.0,17289000000.0,84477000000.0,14.75,12890000000.0,,,20280000000.0,97287000000.0,869700000.0,8075000000.0,35760000000.0,8075000000.0,33758000000.0,16179000000.0,55136000000.0,69405000000.0,37037000000.0,-4194000000.0,USD
UPS,2020-12-31,5243000000.0,2545000000.0,76944000000.0,1.65,1343000000.0,,,15284000000.0,84628000000.0,864600000.0,-4984000000.0,24969000000.0,-4984000000.0,22402000000.0,6896000000.0,61739000000.0,62408000000.0,35327000000.0,-5412000000.0,USD
SPGI,2023-12-31,5148000000.0,4005000000.0,8443000000.0,8.25,2626000000.0,,3159000000.0,8356000000.0,12497000000.0,322000000.0,-18048000000.0,45659000000.0,-18048000000.0,45612000000.0,18728000000.0,22489000000.0,60589000000.0,637000000.0,-143000000.0,USD
SPGI,2022-12-31,6019000000.0,5006000000.0,8162000000.0,10.25,3248000000.0,,3396000000.0,7428000000.0,11181000000.0,329000000.0,-16463000000.0,47344000000.0,-16463000000.0,47118000000.0,17784000000.0,22040000000.0,61784000000.0,720000000.0,-89000000.0,USD
SPGI,2021-12-31,4461000000.0,4283000000.0,4087000000.0,12.56,3024000000.0,,1729000000.0,6117000000.0,8297000000.0,241000000.0,-1913000000.0,6146000000.0,-1913000000.0,6146000000.0,15017000000.0,9490000000.0,15026000000.0,667000000.0,-35000000.0,USD
SPGI,2020-12-31,3575000000.0,3369000000.0,3841000000.0,9.71,2339000000.0,,1541000000.0,5348000000.0,7442000000.0,241000000.0,-4578000000.0,4619000000.0,-4578000000.0,4619000000.0,13367000000.0,9185000000.0,12537000000.0,778000000.0,-76000000.0,USD
UL,2023-12-31,,,,2.58,,,,,,2532050022.0,-21468000000.0,46052000000.0,-21468000000.0,40821000000.0,50253000000.0,56120000000.0,77821000000.0,10770000000.0,-1709000000.0,USD
UL,2022-12-31,13072000000.0,11126000000.0,50346000000.0,3.0,7642000000.0,908000000.0,7821000000.0,24167000000.0,60073000000.0,2566267627.0,-21484000000.0,45130000000.0,-21484000000.0,38434000000.0,46745000000.0,55349000000.0,75095000000.0,10347000000.0,-1340000000.0,USD
UL,2021-12-31,10827000000.0,9064000000.0,42818000000.0,2.33,6049000000.0,847000000.0,6873000000.0,22185000000.0,52444000000.0,2627861617.0,-19675000000.0,40262000000.0,-19675000000.0,36356000000.0,22548000000.0,50004000000.0,67659000000.0,10558000000.0,-1021000000.0,USD
UL,2020-12-31,10717000000.0,8699000000.0,41366000000.0,2.13,5581000000.0,800000000.0,7091000000.0,22040000000.0,50724000000.0,,,,,,,,,,,USD
RTX,2023-12-31,9700000000.0,5489000000.0,63579000000.0,2.24,3195000000.0,2805000000.0,4029000000.0,12089000000.0,68920000000.0,1326907000.0,-29300000000.0,103625000000.0,-29300000000.0,102153000000.0,52154000000.0,100424000000.0,161869000000.0,17386000000.0,-3166000000.0,USD
RTX,2022-12-31,11525000000.0,7417000000.0,59681000000.0,3.52,5197000000.0,2711000000.0,3684000000.0,13668000000.0,67074000000.0,1466240000.0,-18031000000.0,104546000000.0,-18031000000.0,103326000000.0,52269000000.0,84650000000.0,158864000000.0,16999000000.0,-2775000000.0,USD
RTX,2021-12-31,10996000000.0,6439000000.0,57308000000.0,2.57,3864000000.0,2732000000.0,3102000000.0,12491000000.0,64388000000.0,1493280000.0,-19884000000.0,104553000000.0,-19884000000.0,104395000000.0,50265000000.0,86705000000.0,161404000000.0,16930000000.0,-2442000000.0,USD
RTX,2020-12-31,3211000000.0,-945000000.0,55293000000.0,-2.59,-3519000000.0,2582000000.0,5540000000.0,8531000000.0,56587000000.0,1519439000.0,-22661000000.0,103986000000.0,-22661000000.0,103189000000.0,49423000000.0,88269000000.0,162153000000.0,16842000000.0,-1967000000.0,USD
ULVR.L,2022-12-31,13072000000.0,11126000000.0,50346000000.0,3.0,7642000000.0,908000000.0,7821000000.0,24167000000.0,60073000000.0,2532050022.0,-21468000000.0,46052000000.0,-21468000000.0,40821000000.0,50253000000.0,56120000000.0,77821000000.0,10770000000.0,-1709000000.0,GBp
ULVR.L,2021-12-31,10827000000.0,9064000000.0,42818000000.0,2.33,6049000000.0,847000000.0,6873000000.0,22185000000.0,52444000000.0,2566267627.0,-21484000000.0,45130000000.0,-21484000000.0,38434000000.0,46745000000.0,55349000000.0,75095000000.0,10347000000.0,-1340000000.0,GBp
ULVR.L,2020-12-31,10717000000.0,8699000000.0,41366000000.0,2.13,5581000000.0,800000000.0,7091000000.0,22040000000.0,50724000000.0,2627861617.0,-19675000000.0,40262000000.0,-19675000000.0,36356000000.0,22548000000.0,50004000000.0,67659000000.0,10558000000.0,-1021000000.0,GBp
BA,2023-12-31,2315000000.0,454000000.0,78615000000.0,-3.67,-2222000000.0,3377000000.0,5168000000.0,7724000000.0,77794000000.0,609515023.0,-27420000000.0,34821000000.0,-27420000000.0,29694000000.0,27251000000.0,154240000000.0,137012000000.0,11521000000.0,-1527000000.0,USD
BA,2022-12-31,-482000000.0,-2461000000.0,70117000000.0,-8.3,-4935000000.0,2852000000.0,4187000000.0,3530000000.0,66608000000.0,597589776.0,-26251000000.0,40912000000.0,-26251000000.0,35787000000.0,29473000000.0,152948000000.0,137100000000.0,12000000000.0,-1222000000.0,USD
BA,2021-12-31,-175000000.0,-2319000000.0,65643000000.0,-7.15,-4202000000.0,2249000000.0,4157000000.0,3049000000.0,62286000000.0,588917452.0,-25629000000.0,42923000000.0,-25629000000.0,41688000000.0,34408000000.0,153398000000.0,138552000000.0,10918000000.0,-980000000.0,USD
BA,2020-12-31,-10074000000.0,-12320000000.0,71136000000.0,-20.88,-11941000000.0,2476000000.0,4817000000.0,-5685000000.0,58158000000.0,582320138.0,-29240000000.0,45064000000.0,-29240000000.0,43436000000.0,38610000000.0,170211000000.0,152136000000.0,11820000000.0,-1303000000.0,USD
SNY,2022-12-31,14314000000.0,10894000000.0,33508000000.0,3.345,8371000000.0,6706000000.0,10492000000.0,31694000000.0,45389000000.0,1260835732.0,3252000000.0,93815000000.0,3252000000.0,89641000000.0,,51570000000.0,126722000000.0,11684000000.0,-2201000000.0,USD
SNY,2021-12-31,11552000000.0,8201000000.0,30028000000.0,2.485,6223000000.0,5692000000.0,9555000000.0,26920000000.0,39175000000.0,1252540695.0,-782000000.0,88987000000.0,-782000000.0,85804000000.0,,51211000000.0,120242000000.0,11976000000.0,-2043000000.0,USD
SNY,2020-12-31,17883000000.0,14212000000.0,29479000000.0,4.905,12294000000.0,5530000000.0,9391000000.0,25210000000.0,37369000000.0,1250690553.0,401000000.0,85618000000.0,401000000.0,82851000000.0,,51161000000.0,114413000000.0,10563000000.0,-2083000000.0,USD
AMAT,2023-10-31,8469000000.0,7954000000.0,18863000000.0,,6856000000.0,3102000000.0,1628000000.0,12384000000.0,26517000000.0,833000000.0,12323000000.0,21910000000.0,12323000000.0,21810000000.0,43726000000.0,14380000000.0,30729000000.0,3201000000.0,-1106000000.0,USD
AMAT,2022-10-31,8271000000.0,7827000000.0,18001000000.0,7.49,6525000000.0,2771000000.0,1438000000.0,11993000000.0,25785000000.0,844000000.0,8155000000.0,17651000000.0,8155000000.0,17651000000.0,37892000000.0,14532000000.0,26726000000.0,2696000000.0,-787000000.0,USD
AMAT,2021-10-31,7401000000.0,7007000000.0,15863000000.0,6.47,5888000000.0,2485000000.0,1229000000.0,10914000000.0,23063000000.0,892000000.0,8664000000.0,17699000000.0,8664000000.0,17699000000.0,32246000000.0,13578000000.0,25825000000.0,2228000000.0,-668000000.0,USD
AMAT,2020-10-31,4782000000.0,4406000000.0,12837000000.0,3.95,3619000000.0,2234000000.0,1093000000.0,7692000000.0,17202000000.0,914000000.0,6959000000.0,16026000000.0,6959000000.0,16026000000.0,27209000000.0,11775000000.0,22353000000.0,1856000000.0,-422000000.0,USD
SBUX,2023-09-30,7402300000.0,5952000000.0,30472700000.0,3.600925,4124500000.0,,2441300000.0,9846200000.0,35975600000.0,1142600000.0,-11333600000.0,7404900000.0,-11333600000.0,5552800000.0,-7255800000.0,37433300000.0,29445500000.0,15799700000.0,-2333600000.0,USD
SBUX,2022-09-30,6244200000.0,4714800000.0,27820600000.0,2.860031,3281600000.0,,2032000000.0,8371100000.0,32250300000.0,1147900000.0,-12146000000.0,6337300000.0,-12146000000.0,4413300000.0,-8449800000.0,36677100000.0,27978400000.0,14576100000.0,-1841300000.0,USD
SBUX,2021-09-30,7350800000.0,5826700000.0,24403400000.0,3.561445,4199300000.0,,1932600000.0,8391000000.0,29060600000.0,1180000000.0,-9348400000.0,9294600000.0,-9348400000.0,8295700000.0,-6315700000.0,36707100000.0,31392600000.0,14605500000.0,-1470000000.0,USD
SBUX,2020-09-30,3104600000.0,1601400000.0,22000100000.0,0.791187,928300000.0,,1679600000.0,5059100000.0,23518000000.0,1173300000.0,-11954400000.0,8543200000.0,-11954400000.0,6854500000.0,-7815600000.0,37173900000.0,29374500000.0,14375500000.0,-1483600000.0,USD
BUD,2022-12-31,19045000000.0,13967000000.0,43321000000.0,2.97,5969000000.0,,17555000000.0,31481000000.0,57786000000.0,1983786137.0,-79822000000.0,150897000000.0,-79822000000.0,150315000000.0,38823000000.0,128665000000.0,212943000000.0,26671000000.0,-5160000000.0,USD
BUD,2021-12-31,17855000000.0,12803000000.0,40099000000.0,2.33,4670000000.0,,17575000000.0,31207000000.0,54304000000.0,1981024587.0,-87557000000.0,155222000000.0,-87557000000.0,154208000000.0,33882000000.0,138287000000.0,217627000000.0,26677000000.0,-5640000000.0,USD
BUD,2020-12-31,11558000000.0,6729000000.0,34273000000.0,0.7,1405000000.0,,15369000000.0,27247000000.0,46881000000.0,1972249406.0,-94474000000.0,164355000000.0,-94474000000.0,161666000000.0,30870000000.0,148059000000.0,226410000000.0,26419000000.0,-3781000000.0,USD
SAN.PA,2023-12-31,,,,4.31,,,,,,1260835732.0,3252000000.0,93815000000.0,3252000000.0,89641000000.0,,51570000000.0,126722000000.0,11684000000.0,-2201000000.0,EUR
SAN.PA,2022-12-31,14314000000.0,10894000000.0,33508000000.0,6.69,8371000000.0,6706000000.0,10492000000.0,31694000000.0,45389000000.0,1252540695.0,-782000000.0,88987000000.0,-782000000.0,85804000000.0,,51211000000.0,120242000000.0,11976000000.0,-2043000000.0,EUR
SAN.PA,2021-12-31,11552000000.0,8201000000.0,30028000000.0,4.97,6223000000.0,5692000000.0,9555000000.0,26920000000.0,39175000000.0,1250690553.0,401000000.0,85618000000.0,401000000.0,82851000000.0,,51161000000.0,114413000000.0,10563000000.0,-2083000000.0,EUR
SAN.PA,2020-12-31,17883000000.0,14212000000.0,29479000000.0,9.81,12294000000.0,5530000000.0,9391000000.0,25210000000.0,37369000000.0,,,,,,,,,,,EUR
LOW,2023-01-31,12177000000.0,10196000000.0,86900000000.0,10.2,6437000000.0,,20332000000.0,32257000000.0,97059000000.0,601000000.0,-14254000000.0,19706000000.0,-14254000000.0,18622000000.0,-14862000000.0,57962000000.0,43708000000.0,21085000000.0,-1829000000.0,USD
LOW,2022-01-31,13987000000.0,12105000000.0,84157000000.0,12.07,8442000000.0,,18301000000.0,32056000000.0,96250000000.0,670000000.0,-4816000000.0,19911000000.0,-4816000000.0,19043000000.0,-5115000000.0,49456000000.0,44640000000.0,23179000000.0,-1853000000.0,USD
LOW,2021-01-31,10205000000.0,8611000000.0,79950000000.0,7.77,5835000000.0,,18526000000.0,29572000000.0,89597000000.0,731000000.0,1437000000.0,23217000000.0,1437000000.0,22105000000.0,1117000000.0,45298000000.0,46735000000.0,22987000000.0,-1791000000.0,USD
LMT,2023-12-31,10444000000.0,9014000000.0,59064000000.0,27.65,6920000000.0,,,8479000000.0,67571000000.0,242000000.0,-6176000000.0,24294000000.0,-6176000000.0,24126000000.0,15398000000.0,45621000000.0,52456000000.0,8370000000.0,-1691000000.0,USD
LMT,2022-12-31,8707000000.0,7303000000.0,57636000000.0,21.74,5732000000.0,,,8287000000.0,65984000000.0,254000000.0,-3973000000.0,24813000000.0,-3973000000.0,24695000000.0,16943000000.0,43614000000.0,52880000000.0,7975000000.0,-1670000000.0,USD
LMT,2021-12-31,9483000000.0,8119000000.0,57921000000.0,22.85,6315000000.0,,,9061000000.0,67044000000.0,271000000.0,-2560000000.0,22629000000.0,-2560000000.0,22629000000.0,21600000000.0,39914000000.0,50873000000.0,7597000000.0,-1522000000.0,USD
LMT,2020-12-31,10116000000.0,8826000000.0,56754000000.0,24.4,6833000000.0,,,8654000000.0,65398000000.0,279000000.0,-7803000000.0,18184000000.0,-7803000000.0,17684000000.0,21636000000.0,44672000000.0,50710000000.0,7213000000.0,-1766000000.0,USD
ABI.BR,2022-12-31,19045000000.0,13967000000.0,43321000000.0,2.97,5969000000.0,,17555000000.0,31481000000.0,57786000000.0,1983786137.0,-79822000000.0,150897000000.0,-79822000000.0,150315000000.0,38823000000.0,128665000000.0,212943000000.0,26671000000.0,-5160000000.0,EUR
ABI.BR,2021-12-31,17855000000.0,12803000000.0,40099000000.0,2.33,4670000000.0,,17575000000.0,31207000000.0,54304000000.0,1981024587.0,-87557000000.0,155222000000.0,-87557000000.0,154208000000.0,33882000000.0,138287000000.0,217627000000.0,26677000000.0,-5640000000.0,EUR
ABI.BR,2020-12-31,11558000000.0,6729000000.0,34273000000.0,0.7,1405000000.0,,15369000000.0,27247000000.0,46881000000.0,1972249406.0,-94474000000.0,164355000000.0,-94474000000.0,161666000000.0,30870000000.0,148059000000.0,226410000000.0,26419000000.0,-3781000000.0,EUR
DE,2023-10-31,17476000000.0,15472000000.0,45657000000.0,34.8,10166000000.0,2177000000.0,4618000000.0,22306000000.0,60248000000.0,281584277.0,16302000000.0,85171000000.0,16302000000.0,60262000000.0,50931000000.0,82201000000.0,104087000000.0,14206000000.0,-4468000000.0,USD
DE,2022-10-31,12084000000.0,10189000000.0,42256000000.0,23.42,7131000000.0,1912000000.0,3912000000.0,15730000000.0,51282000000.0,298771915.0,14985000000.0,72140000000.0,14985000000.0,53858000000.0,42247000000.0,69673000000.0,90030000000.0,13097000000.0,-3788000000.0,USD
DE,2021-10-31,10645000000.0,8595000000.0,35370000000.0,19.14,5963000000.0,1587000000.0,3435000000.0,13715000000.0,43033000000.0,308065060.0,13583000000.0,66820000000.0,13583000000.0,51319000000.0,36449000000.0,65680000000.0,84114000000.0,13213000000.0,-2580000000.0,USD
DE,2020-10-31,7248000000.0,5130000000.0,30354000000.0,8.77,2751000000.0,1644000000.0,3677000000.0,10857000000.0,34722000000.0,313655950.0,8529000000.0,58761000000.0,8529000000.0,45518000000.0,31646000000.0,62147000000.0,75091000000.0,13115000000.0,-2656000000.0,USD
AIR.PA,2022-12-31,8203000000.0,5487000000.0,53511000000.0,5.4,4247000000.0,3079000000.0,2240000000.0,10571000000.0,58763000000.0,787557508.0,-3818000000.0,22199000000.0,-3818000000.0,22089000000.0,13408000000.0,102962000000.0,115944000000.0,16505000000.0,-2464000000.0,EUR
AIR.PA,2021-12-31,7705000000.0,5380000000.0,47316000000.0,5.36,4213000000.0,2746000000.0,2052000000.0,9631000000.0,52149000000.0,785628955.0,-6901000000.0,21191000000.0,-6901000000.0,21069000000.0,6834000000.0,97561000000.0,107047000000.0,16536000000.0,-1928000000.0,EUR
AIR.PA,2020-12-31,2137000000.0,-694000000.0,49248000000.0,-1.45,-1133000000.0,2858000000.0,2140000000.0,5662000000.0,49912000000.0,783716395.0,-9754000000.0,20269000000.0,-9754000000.0,18989000000.0,250000000.0,103639000000.0,110095000000.0,16674000000.0,-1759000000.0,EUR
RIO,2023-12-31,21076000000.0,15742000000.0,38329000000.0,6.203,10058000000.0,245000000.0,8076000000.0,32401000000.0,54041000000.0,1622537410.0,51379000000.0,67587000000.0,51379000000.0,66763000000.0,38350000000.0,47208000000.0,103549000000.0,68447000000.0,-7086000000.0,USD
RIO,2022-12-31,25537000000.0,20527000000.0,36140000000.0,7.65,12392000000.0,76000000.0,7307000000.0,34270000000.0,55554000000.0,1620865000.0,47531000000.0,61705000000.0,47531000000.0,60782000000.0,35020000000.0,44033000000.0,96774000000.0,66102000000.0,-6750000000.0,USD
RIO,2021-12-31,36126000000.0,31429000000.0,33395000000.0,13.047,21115000000.0,65000000.0,7346000000.0,44934000000.0,63495000000.0,1619350681.0,48084000000.0,63600000000.0,48084000000.0,62788000000.0,33337000000.0,46306000000.0,102896000000.0,65290000000.0,-7384000000.0,USD
RIO,2020-12-31,20318000000.0,16039000000.0,26528000000.0,6.04,9769000000.0,45000000.0,5171000000.0,29126000000.0,44611000000.0,1618114242.0,43624000000.0,59707000000.0,43624000000.0,59356000000.0,26792000000.0,45487000000.0,97390000000.0,63153000000.0,-6189000000.0,USD
SONY,2023-03-31,2211301000000.0,1206711000000.0,10360815000000.0,758.38,937126000000.0,,1969170000000.0,3140906000000.0,11539837000000.0,1234497560.0,3828873000000.0,11100281000000.0,3828873000000.0,8997405000000.0,4614637000000.0,24752900000000.0,32041222000000.0,1822927000000.0,-613635000000.0,USD
SONY,2022-03-31,1967336000000.0,1132103000000.0,8739097000000.0,711.84,882178000000.0,,1588473000000.0,2701672000000.0,9921513000000.0,1237003645.0,4399427000000.0,10496079000000.0,4399427000000.0,8348117000000.0,3760763000000.0,23283718000000.0,30480967000000.0,1526643000000.0,-441096000000.0,USD
SONY,2021-03-31,1699546000000.0,1012173000000.0,8040707000000.0,952.29,1029610000000.0,,1473154000000.0,2431108000000.0,8998661000000.0,1239227575.0,4500632000000.0,9141132000000.0,4500632000000.0,7733979000000.0,2914503000000.0,20783504000000.0,27507843000000.0,1348575000000.0,-477931000000.0,USD
SONY,2020-03-31,1556991000000.0,810540000000.0,7427674000000.0,471.64,582191000000.0,,1502625000000.0,2334836000000.0,8259885000000.0,1220159940.0,2813365000000.0,6736436000000.0,2813365000000.0,5813468000000.0,1949697000000.0,18972590000000.0,24967066000000.0,1290480000000.0,-439761000000.0,USD
BP,2023-12-31,,,,5.2668,,,,,,18157212000.0,49585000000.0,114476000000.0,49606000000.0,111299000000.0,34732000000.0,205130000000.0,288120000000.0,110257000000.0,-12069000000.0,USD
BP,2022-12-31,32383000000.0,18065000000.0,199945000000.0,-0.786,-2487000000.0,,13449000000.0,55096000000.0,241392000000.0,19740880000.0,60907000000.0,136618000000.0,60928000000.0,131082000000.0,51815000000.0,196833000000.0,287272000000.0,117191000000.0,-10887000000.0,USD
BP,2021-12-31,32744000000.0,17939000000.0,147067000000.0,2.2542,7565000000.0,,11931000000.0,22860000000.0,157739000000.0,20344625000.0,56769000000.0,143893000000.0,56790000000.0,134555000000.0,47300000000.0,182086000000.0,267654000000.0,118949000000.0,-12306000000.0,USD
BP,2020-12-31,-6884000000.0,-21773000000.0,106517000000.0,-6.0252,-20305000000.0,,10397000000.0,10184000000.0,105944000000.0,,,,,,,,,,,USD
6758.T,2023-03-31,2211301000000.0,1206711000000.0,10360815000000.0,758.38,937126000000.0,,1969170000000.0,3140906000000.0,11539837000000.0,1234497560.0,3828873000000.0,11100281000000.0,3828873000000.0,8997405000000.0,4614637000000.0,24752900000000.0,32041222000000.0,1822927000000.0,-613635000000.0,JPY
6758.T,2022-03-31,1967336000000.0,1132103000000.0,8739097000000.0,711.84,882178000000.0,,1588473000000.0,2701672000000.0,9921513000000.0,1237003645.0,4399427000000.0,10496079000000.0,4399427000000.0,8348117000000.0,3760763000000.0,23283718000000.0,30480967000000.0,1526643000000.0,-441096000000.0,JPY
6758.T,2021-03-31,1699546000000.0,1012173000000.0,8040707000000.0,952.29,1029610000000.0,,1473154000000.0,2431108000000.0,8998661000000.0,1239227575.0,4500632000000.0,9141132000000.0,4500632000000.0,7733979000000.0,2914503000000.0,20783504000000.0,27507843000000.0,1348575000000.0,-477931000000.0,JPY
6758.T,2020-03-31,1556991000000.0,810540000000.0,7427674000000.0,471.64,582191000000.0,,1502625000000.0,2334836000000.0,8259885000000.0,1220159940.0,2813365000000.0,6736436000000.0,2813365000000.0,5813468000000.0,1949697000000.0,18972590000000.0,24967066000000.0,1290480000000.0,-439761000000.0,JPY
RIO.L,2023-12-31,21076000000.0,15742000000.0,38329000000.0,6.203,10058000000.0,245000000.0,8076000000.0,32401000000.0,54041000000.0,1622537410.0,51379000000.0,67587000000.0,51379000000.0,66763000000.0,38350000000.0,47208000000.0,103549000000.0,68447000000.0,-7086000000.0,GBp
RIO.L,2022-12-31,25537000000.0,20527000000.0,36140000000.0,7.65,12392000000.0,76000000.0,7307000000.0,34270000000.0,55554000000.0,1620865000.0,47531000000.0,61705000000.0,47531000000.0,60782000000.0,35020000000.0,44033000000.0,96774000000.0,66102000000.0,-6750000000.0,GBp
RIO.L,2021-12-31,36126000000.0,31429000000.0,33395000000.0,13.047,21115000000.0,65000000.0,7346000000.0,44934000000.0,63495000000.0,1619350681.0,48084000000.0,63600000000.0,48084000000.0,62788000000.0,33337000000.0,46306000000.0,102896000000.0,65290000000.0,-7384000000.0,GBp
RIO.L,2020-12-31,20318000000.0,16039000000.0,26528000000.0,6.04,9769000000.0,45000000.0,5171000000.0,29126000000.0,44611000000.0,1618114242.0,43624000000.0,59707000000.0,43624000000.0,59356000000.0,26792000000.0,45487000000.0,97390000000.0,63153000000.0,-6189000000.0,GBp
SYK,2023-12-31,4934000000.0,3906000000.0,16592000000.0,8.34,3165000000.0,1388000000.0,7129000000.0,13058000000.0,20498000000.0,379894650.0,-1243000000.0,31588000000.0,-1243000000.0,29494000000.0,16771000000.0,21319000000.0,39912000000.0,3215000000.0,-575000000.0,USD
SYK,2022-12-31,4040000000.0,3042000000.0,15407000000.0,6.23,2358000000.0,1454000000.0,6455000000.0,11578000000.0,18449000000.0,378700000.0,-3149000000.0,29664000000.0,-3149000000.0,28473000000.0,14765000000.0,20268000000.0,36884000000.0,2970000000.0,-588000000.0,USD
SYK,2021-12-31,3677000000.0,2687000000.0,14421000000.0,5.29,1994000000.0,1235000000.0,6427000000.0,10968000000.0,17108000000.0,377500000.0,-2881000000.0,27356000000.0,-2881000000.0,27349000000.0,13480000000.0,19754000000.0,34631000000.0,2833000000.0,-525000000.0,USD
SYK,2020-12-31,3052000000.0,2240000000.0,12111000000.0,4.26,1599000000.0,984000000.0,5361000000.0,9057000000.0,14351000000.0,376100000.0,-5248000000.0,27075000000.0,-5248000000.0,26314000000.0,12462000000.0,21246000000.0,34330000000.0,2752000000.0,-487000000.0,USD
BMY,2023-12-31,19366000000.0,9606000000.0,36811000000.0,,8025000000.0,9299000000.0,7772000000.0,34313000000.0,45006000000.0,2021000000.0,-19224000000.0,69202000000.0,-19224000000.0,66083000000.0,28766000000.0,65674000000.0,95159000000.0,8036000000.0,-1209000000.0,USD
BMY,2022-12-31,19221000000.0,8945000000.0,37055000000.0,2.97,6327000000.0,9509000000.0,7814000000.0,36022000000.0,46159000000.0,2075000000.0,-26443000000.0,70381000000.0,-26443000000.0,66117000000.0,25503000000.0,65702000000.0,96820000000.0,7475000000.0,-1118000000.0,USD
BMY,2021-12-31,20118000000.0,9432000000.0,37848000000.0,3.15,6994000000.0,10195000000.0,7690000000.0,36445000000.0,46385000000.0,2153000000.0,-27331000000.0,80499000000.0,-27331000000.0,75551000000.0,23820000000.0,73308000000.0,109314000000.0,6968000000.0,-973000000.0,USD
BMY,2020-12-31,4929000000.0,-5451000000.0,40341000000.0,-3.99,-9015000000.0,11143000000.0,7661000000.0,30745000000.0,42518000000.0,2221000000.0,-36174000000.0,88498000000.0,-36174000000.0,86158000000.0,21281000000.0,80599000000.0,118481000000.0,6745000000.0,-753000000.0,USD
